sep=,
"Account Description","Account Date","Bank / Customer / Supplier","Reference","Transaction Type","Description","Debit","Credit","Balance"
"3300/020 : Computer - Platforms",,,,,,,
"3300/020 : Computer - Platforms","Opening Balance as at: 01/03/2023",,,,,"0",,
,"28/03/2023","STOCK2SHOP (PTY) LTD","WWI30902","Supplier Invoice","3300/020 : Computer - Platforms - Stock2shop","2219",,"2219"
,"28/04/2023","STOCK2SHOP (PTY) LTD","WWI30937","Supplier Invoice","3300/020 : Computer - Platforms Stock2shop","2219",,"4438"
,"28/05/2023","STOCK2SHOP (PTY) LTD","WWI30972","Supplier Invoice","3300/020 : Computer - Platforms","2219",,"6657"
,"01/06/2023","REZONANCE (PTY) LTD","WWI31033","Supplier Invoice","3300/020 : Computer - Platforms","51740.36",,"58397.36"
,"01/06/2023","REZONANCE (PTY) LTD","WWI31034","Supplier Invoice","3300/020 : Computer - Platforms","65148.6",,"123545.96"
,"01/06/2023","REZONANCE (PTY) LTD","WWI31035","Supplier Invoice","3300/020 : Computer - Platforms","74196.41",,"197742.37"
,"01/06/2023","REZONANCE (PTY) LTD","WWI31036","Supplier Invoice","3300/020 : Computer - Platforms","67384.66",,"265127.03"
,"28/06/2023","STOCK2SHOP (PTY) LTD","WWI31008","Supplier Invoice","3300/020 : Computer - Platforms - Stock2shop","2219",,"267346.03"
,"28/07/2023","STOCK2SHOP (PTY) LTD","WWI31044","Supplier Invoice","3300/020 : Computer - Platforms","2219",,"269565.03"
,"05/08/2023","8400/000 : FNB","26.44 GSUITE_regima 4XXXXX*5225 03 AUG XXXXXXXXXXXXXXXXXXX4944","Account Payment","26.44 GSUITE_regima 4XXXXX*5225 03 AUG XXXXXXXXXXXXXXXXXXX4944","501.65",,"270066.68"
,"10/08/2023","8400/000 : FNB","GoDaddy 113.85 DNH*GODADDY. 4XXXXX*5225 07 AUG XXXXXXXXXXXXXXXXXXX0664 GoDaddy","Account Payment","GoDaddy 113.85 DNH*GODADDY. 4XXXXX*5225 07 AUG XXXXXXXXXXXXXXXXXXX0664 GoDaddy","113.85",,"270180.53"
,"10/08/2023","8400/000 : FNB","3.60 GETADDRESS.IO 4XXXXX*5225 07 AUG XXXXXXXXXXXXXXXXXXX5193","Account Payment","3.60 GETADDRESS.IO 4XXXXX*5225 07 AUG XXXXXXXXXXXXXXXXXXX5193","87.83",,"270268.36"
,"15/08/2023","8400/000 : FNB","GitHub 63.00 GITHUB, INC. 4XXXXX*5225 13 AUG XXXXXXXXXXXXXXXXXXX8999 GitHub","Account Payment","GitHub 63.00 GITHUB, INC. 4XXXXX*5225 13 AUG XXXXXXXXXXXXXXXXXXX8999 GitHub","1220.72",,"271489.08"
,"15/08/2023","8400/000 : FNB","GitHub 46.95 GITHUB, INC. 4XXXXX*5225 13 AUG XXXXXXXXXXXXXXXXXXX5267 GitHub","Account Payment","GitHub 46.95 GITHUB, INC. 4XXXXX*5225 13 AUG XXXXXXXXXXXXXXXXXXX5267 GitHub","909.73",,"272398.81"
,"15/08/2023","8400/000 : FNB","GitHub 42.00 GITHUB, INC. 4XXXXX*5225 13 AUG XXXXXXXXXXXXXXXXXXX0916 GitHub","Account Payment","GitHub 42.00 GITHUB, INC. 4XXXXX*5225 13 AUG XXXXXXXXXXXXXXXXXXX0916 GitHub","813.81",,"273212.62"
,"15/08/2023","8400/000 : FNB","GitHub 42.00 GITHUB, INC. 4XXXXX*5225 13 AUG XXXXXXXXXXXXXXXXXXX5521 GitHub","Account Payment","GitHub 42.00 GITHUB, INC. 4XXXXX*5225 13 AUG XXXXXXXXXXXXXXXXXXX5521 GitHub","813.81",,"274026.43"
,"16/08/2023","8400/000 : FNB","GitHub 4.00 GITHUB, INC. 4XXXXX*5225 14 AUG XXXXXXXXXXXXXXXXXXX1767 GitHub","Account Payment","GitHub 4.00 GITHUB, INC. 4XXXXX*5225 14 AUG XXXXXXXXXXXXXXXXXXX1767 GitHub","77.51",,"274103.94"
,"16/08/2023","8400/000 : FNB","GoDaddy 3317.82 DNH*GODADDY 4XXXXX*5225 14 AUG XXXXXXXXXXXXXXXXXXX0791 GoDaddy","Account Payment","GoDaddy 3317.82 DNH*GODADDY 4XXXXX*5225 14 AUG XXXXXXXXXXXXXXXXXXX0791 GoDaddy","3317.82",,"277421.76"
,"16/08/2023","8400/000 : FNB","Bob Go 4XXXXX*5225 12 AUG XXXXXXXXXXXXXXXXXXX5635","Account Payment","Bob Go 4XXXXX*5225 12 AUG XXXXXXXXXXXXXXXXXXX5635","1483.13",,"278904.89"
,"17/08/2023","8400/000 : FNB","GitHub 113.81 GITHUB, INC. 4XXXXX*5225 15 AUG XXXXXXXXXXXXXXXXXXX8985 GitHub","Account Payment","GitHub 113.81 GITHUB, INC. 4XXXXX*5225 15 AUG XXXXXXXXXXXXXXXXXXX8985 GitHub","2225.53",,"281130.42"
,"17/08/2023","8400/000 : FNB","53.96 SLACK T0MN3D5 4XXXXX*5225 15 AUG XXXXXXXXXXXXXXXXXXX3499","Account Payment","53.96 SLACK T0MN3D5 4XXXXX*5225 15 AUG XXXXXXXXXXXXXXXXXXX3499","1055.18",,"282185.6"
,"18/08/2023","8400/000 : FNB","GoDaddy 3664.31 DNH*GODADDY 4XXXXX*5225 16 AUG XXXXXXXXXXXXXXXXXXX0445 GoDaddy","Account Payment","GoDaddy 3664.31 DNH*GODADDY 4XXXXX*5225 16 AUG XXXXXXXXXXXXXXXXXXX0445 GoDaddy","3664.31",,"285849.91"
,"18/08/2023","8400/000 : FNB","GoDaddy 662.40 DNH*GODADDY. 4XXXXX*5225 16 AUG XXXXXXXXXXXXXXXXXXX2107 GoDaddy","Account Payment","GoDaddy 662.40 DNH*GODADDY. 4XXXXX*5225 16 AUG XXXXXXXXXXXXXXXXXXX2107 GoDaddy","662.4",,"286512.31"
,"18/08/2023","8400/000 : FNB","12.63 Google GSUITE 4XXXXX*5225 17 AUG XXXXXXXXXXXXXXXXXXX5855","Account Payment","12.63 Google GSUITE 4XXXXX*5225 17 AUG XXXXXXXXXXXXXXXXXXX5855","270.03",,"286782.34"
,"18/08/2023","8400/000 : FNB","8.62 Google GSUITE_ 4XXXXX*5225 17 AUG XXXXXXXXXXXXXXXXXXX5850","Account Payment","8.62 Google GSUITE_ 4XXXXX*5225 17 AUG XXXXXXXXXXXXXXXXXXX5850","184.29",,"286966.63"
,"19/08/2023","8400/000 : FNB","GoDaddy 5535.59 DNH*GODADDY 4XXXXX*5225 17 AUG XXXXXXXXXXXXXXXXXXX1866 GoDaddy","Account Payment","GoDaddy 5535.59 DNH*GODADDY 4XXXXX*5225 17 AUG XXXXXXXXXXXXXXXXXXX1866 GoDaddy","5535.59",,"292502.22"
,"19/08/2023","8400/000 : FNB","4.31 GOOGLE*GSUITE 4XXXXX*5225 17 AUG XXXXXXXXXXXXXXXXXXX2206","Account Payment","4.31 GOOGLE*GSUITE 4XXXXX*5225 17 AUG XXXXXXXXXXXXXXXXXXX2206","92.15",,"292594.37"
,"21/08/2023","8400/000 : FNB","GoDaddy 2317.58 DNH*GODADDY 4XXXXX*5225 18 AUG XXXXXXXXXXXXXXXXXXX1344 GoDaddy","Account Payment","GoDaddy 2317.58 DNH*GODADDY 4XXXXX*5225 18 AUG XXXXXXXXXXXXXXXXXXX1344 GoDaddy","2317.58",,"294911.95"
,"22/08/2023","8400/000 : FNB","Shopify 74.75 SHOPIFY* 1921 4XXXXX*5225 19 AUG XXXXXXXXXXXXXXXXXXX0740 Shopify","Account Payment","Shopify 74.75 SHOPIFY* 1921 4XXXXX*5225 19 AUG XXXXXXXXXXXXXXXXXXX0740 Shopify","1461.11",,"296373.06"
,"22/08/2023","8400/000 : FNB","59.00 GREENBACK.COM 4XXXXX*5225 19 AUG XXXXXXXXXXXXXXXXXXX3058","Account Payment","59.00 GREENBACK.COM 4XXXXX*5225 19 AUG XXXXXXXXXXXXXXXXXXX3058","1153.25",,"297526.31"
,"22/08/2023","8400/000 : FNB","20.00 REPLIT, INC. 4XXXXX*5225 20 AUG XXXXXXXXXXXXXXXXXXX3324","Account Payment","20.00 REPLIT, INC. 4XXXXX*5225 20 AUG XXXXXXXXXXXXXXXXXXX3324","390.94",,"297917.25"
,"22/08/2023","8400/000 : FNB","Shopify 18.40 SHOPIFY* 1921 4XXXXX*5225 19 AUG XXXXXXXXXXXXXXXXXXX0946 Shopify","Account Payment","Shopify 18.40 SHOPIFY* 1921 4XXXXX*5225 19 AUG XXXXXXXXXXXXXXXXXXX0946 Shopify","359.66",,"298276.91"
,"22/08/2023","8400/000 : FNB","Shopify 17.25 SHOPIFY* 1921 4XXXXX*5225 19 AUG XXXXXXXXXXXXXXXXXXX1292 Shopify","Account Payment","Shopify 17.25 SHOPIFY* 1921 4XXXXX*5225 19 AUG XXXXXXXXXXXXXXXXXXX1292 Shopify","337.18",,"298614.09"
,"22/08/2023","8400/000 : FNB","Shopify 17.25 SHOPIFY* 1921 4XXXXX*5225 19 AUG XXXXXXXXXXXXXXXXXXX1092 Shopify","Account Payment","Shopify 17.25 SHOPIFY* 1921 4XXXXX*5225 19 AUG XXXXXXXXXXXXXXXXXXX1092 Shopify","337.18",,"298951.27"
,"22/08/2023","8400/000 : FNB","Shopify 17.25 SHOPIFY* 1921 4XXXXX*5225 19 AUG XXXXXXXXXXXXXXXXXXX1076 Shopify","Account Payment","Shopify 17.25 SHOPIFY* 1921 4XXXXX*5225 19 AUG XXXXXXXXXXXXXXXXXXX1076 Shopify","337.18",,"299288.45"
,"22/08/2023","8400/000 : FNB","1.50 REPLIT, INC. 4XXXXX*5225 20 AUG XXXXXXXXXXXXXXXXXXX0324","Account Payment","1.50 REPLIT, INC. 4XXXXX*5225 20 AUG XXXXXXXXXXXXXXXXXXX0324","29.33",,"299317.78"
,"23/08/2023","8400/000 : FNB","X0529.26 DNH*GODADD 4XXXXX*5225 21 AUG XXXXXXXXXXXXXXXXXXX4317","Account Payment","X0529.26 DNH*GODADD 4XXXXX*5225 21 AUG XXXXXXXXXXXXXXXXXXX4317","10529.26",,"309847.04"
,"24/08/2023","8400/000 : FNB","GoDaddy 2368.01 DNH*GODADDY 4XXXXX*5225 22 AUG XXXXXXXXXXXXXXXXXXX0694 GoDaddy","Account Payment","GoDaddy 2368.01 DNH*GODADDY 4XXXXX*5225 22 AUG XXXXXXXXXXXXXXXXXXX0694 GoDaddy","2368.01",,"312215.05"
,"24/08/2023","8400/000 : FNB","GoDaddy 1322.30 DNH*GODADDY 4XXXXX*5225 22 AUG XXXXXXXXXXXXXXXXXXX0561 GoDaddy","Account Payment","GoDaddy 1322.30 DNH*GODADDY 4XXXXX*5225 22 AUG XXXXXXXXXXXXXXXXXXX0561 GoDaddy","1322.3",,"313537.35"
,"25/08/2023","8400/000 : FNB","GoDaddy 392.14 DNH*GODADDY. 4XXXXX*5225 23 AUG XXXXXXXXXXXXXXXXXXX0454 GoDaddy","Account Payment","GoDaddy 392.14 DNH*GODADDY. 4XXXXX*5225 23 AUG XXXXXXXXXXXXXXXXXXX0454 GoDaddy","392.14",,"313929.49"
,"25/08/2023","8400/000 : FNB","10.00 REPLIT, INC. 4XXXXX*5225 23 AUG XXXXXXXXXXXXXXXXXXX0625","Account Payment","10.00 REPLIT, INC. 4XXXXX*5225 23 AUG XXXXXXXXXXXXXXXXXXX0625","193.87",,"314123.36"
,"26/08/2023","8400/000 : FNB","376.40 HOLASPIRIT 4XXXXX*5225 25 AUG XXXXXXXXXXXXXXXXXXX8114","Account Payment","376.40 HOLASPIRIT 4XXXXX*5225 25 AUG XXXXXXXXXXXXXXXXXXX8114","7818.94",,"321942.3"
,"26/08/2023","8400/000 : FNB","207.00 FIGMA 4XXXXX*5225 24 AUG XXXXXXXXXXXXXXXXXXX6482","Account Payment","207.00 FIGMA 4XXXXX*5225 24 AUG XXXXXXXXXXXXXXXXXXX6482","3979.73",,"325922.03"
,"26/08/2023","8400/000 : FNB","GitHub 155.98 GITHUB, INC. 4XXXXX*5225 24 AUG XXXXXXXXXXXXXXXXXXX3715 GitHub","Account Payment","GitHub 155.98 GITHUB, INC. 4XXXXX*5225 24 AUG XXXXXXXXXXXXXXXXXXX3715 GitHub","2998.83",,"328920.86"
,"26/08/2023","8400/000 : FNB","GoDaddy 254.40 DNH*GODADDY. 4XXXXX*5225 24 AUG XXXXXXXXXXXXXXXXXXX2373 GoDaddy","Account Payment","GoDaddy 254.40 DNH*GODADDY. 4XXXXX*5225 24 AUG XXXXXXXXXXXXXXXXXXX2373 GoDaddy","254.4",,"329175.26"
,"28/08/2023","8400/000 : FNB","Intuit 546.25 INTUIT *QBoo 4XXXXX*5225 25 AUG XXXXXXXXXXXXXXXXXXX3207 Intuit","Account Payment","Intuit 546.25 INTUIT *QBoo 4XXXXX*5225 25 AUG XXXXXXXXXXXXXXXXXXX3207 Intuit","546.25",,"329721.51"
,"28/08/2023","STOCK2SHOP (PTY) LTD","WWI31078","Supplier Invoice","STOCK2SHOP","2219",,"331940.51"
,"29/08/2023","8400/000 : FNB","GoDaddy 386.30 DNH*GODADDY. 4XXXXX*5225 27 AUG XXXXXXXXXXXXXXXXXXX0230 GoDaddy","Account Payment","GoDaddy 386.30 DNH*GODADDY. 4XXXXX*5225 27 AUG XXXXXXXXXXXXXXXXXXX0230 GoDaddy","386.3",,"332326.81"
,"29/08/2023","8400/000 : FNB","GoDaddy 74.75 DNH*GODADDY.C 4XXXXX*5225 26 AUG XXXXXXXXXXXXXXXXXXX0977 GoDaddy","Account Payment","GoDaddy 74.75 DNH*GODADDY.C 4XXXXX*5225 26 AUG XXXXXXXXXXXXXXXXXXX0977 GoDaddy","74.75",,"332401.56"
,"29/08/2023","8400/000 : FNB","GoDaddy 1780.20 DNH*GODADDY 4XXXXX*5225 27 AUG XXXXXXXXXXXXXXXXXXX0125 GoDaddy","Account Payment","GoDaddy 1780.20 DNH*GODADDY 4XXXXX*5225 27 AUG XXXXXXXXXXXXXXXXXXX0125 GoDaddy","1780.2",,"334181.76"
,"29/08/2023","8400/000 : FNB","99.00 MIOSALON.COM( 4XXXXX*5225 27 AUG XXXXXXXXXXXXXXXXXXX8432","Account Payment","99.00 MIOSALON.COM( 4XXXXX*5225 27 AUG XXXXXXXXXXXXXXXXXXX8432","1909.15",,"336090.91"
,"29/08/2023","8400/000 : FNB","99.00 MIOSALON.COM( 4XXXXX*5225 27 AUG XXXXXXXXXXXXXXXXXXX5468","Account Payment","99.00 MIOSALON.COM( 4XXXXX*5225 27 AUG XXXXXXXXXXXXXXXXXXX5468","1909.15",,"338000.06"
,"30/08/2023","8400/000 : FNB","GoDaddy 428.18 DNH*GODADDY. 4XXXXX*5225 28 AUG XXXXXXXXXXXXXXXXXXX0843 GoDaddy","Account Payment","GoDaddy 428.18 DNH*GODADDY. 4XXXXX*5225 28 AUG XXXXXXXXXXXXXXXXXXX0843 GoDaddy","428.18",,"338428.24"
,"31/08/2023","8400/000 : FNB","5050.80 FRESHWORKS 4XXXXX*5225 29 AUG XXXXXXXXXXXXXXXXXXX9920","Account Payment","5050.80 FRESHWORKS 4XXXXX*5225 29 AUG XXXXXXXXXXXXXXXXXXX9920","5050.8",,"343479.04"
,"31/08/2023","8400/000 : FNB","Canva 109.99 CANVA* I0389 4XXXXX*5225 30 AUG XXXXXXXXXXXXXXXXXXX6924 Canva","Account Payment","Canva 109.99 CANVA* I0389 4XXXXX*5225 30 AUG XXXXXXXXXXXXXXXXXXX6924 Canva","109.99",,"343589.03"
,"04/09/2023","8400/000 : FNB","246.80 GSUITE_regim 4XXXXX*5225 01 SEP XXXXXXXXXXXXXXXXXXX4947","Account Payment","246.80 GSUITE_regim 4XXXXX*5225 01 SEP XXXXXXXXXXXXXXXXXXX4947","4770.3",,"348359.33"
,"04/09/2023","8400/000 : FNB","GOOGLE*GSUITE RZO. 4XXXXX*5225 01 SEP XXXXXXXXXXXXXXXXXXX6004","Account Payment","GOOGLE*GSUITE RZO. 4XXXXX*5225 01 SEP XXXXXXXXXXXXXXXXXXX6004","0.63",,"348359.96"
,"04/09/2023","8400/000 : FNB","Canva 335.33 CANVA* I0389 4XXXXX*5225 01 SEP XXXXXXXXXXXXXXXXXXX1359 Canva","Account Payment","Canva 335.33 CANVA* I0389 4XXXXX*5225 01 SEP XXXXXXXXXXXXXXXXXXX1359 Canva","335.33",,"348695.29"
,"04/09/2023","8400/000 : FNB","16.24 Google GSUITE 4XXXXX*5225 01 SEP XXXXXXXXXXXXXXXXXXX5851","Account Payment","16.24 Google GSUITE 4XXXXX*5225 01 SEP XXXXXXXXXXXXXXXXXXX5851","340.6",,"349035.89"
,"06/09/2023","8400/000 : FNB","1499.00 APPDIRECT 4XXXXX*5225 04 SEP XXXXXXXXXXXXXXXXXXX1968","Account Payment","1499.00 APPDIRECT 4XXXXX*5225 04 SEP XXXXXXXXXXXXXXXXXXX1968","28914.37",,"377950.26"
,"06/09/2023","8400/000 : FNB","Netcash Pty Ltd 4XXXXX*5225 02 SEP XXXXXXXXXXXXXXXXXXX9833","Account Payment","Netcash Pty Ltd 4XXXXX*5225 02 SEP XXXXXXXXXXXXXXXXXXX9833","2750",,"380700.26"
,"06/09/2023","8400/000 : FNB","ManageWP 120.75 MANAGEWP 4XXXXX*5225 05 SEP XXXXXXXXXXXXXXXXXXX4976 ManageWP","Account Payment","ManageWP 120.75 MANAGEWP 4XXXXX*5225 05 SEP XXXXXXXXXXXXXXXXXXX4976 ManageWP","2359.67",,"383059.93"
,"06/09/2023","8400/000 : FNB","GitHub 19.61 GITHUB, INC. 4XXXXX*5225 04 SEP XXXXXXXXXXXXXXXXXXX9953 GitHub","Account Payment","GitHub 19.61 GITHUB, INC. 4XXXXX*5225 04 SEP XXXXXXXXXXXXXXXXXXX9953 GitHub","378.26",,"383438.19"
,"06/09/2023","8400/000 : FNB","GitHub 7.54 GITHUB, INC. 4XXXXX*5225 04 SEP XXXXXXXXXXXXXXXXXXX7920 GitHub","Account Payment","GitHub 7.54 GITHUB, INC. 4XXXXX*5225 04 SEP XXXXXXXXXXXXXXXXXXX7920 GitHub","145.44",,"383583.63"
,"07/09/2023","8400/000 : FNB","3768.62 PAYPAL *NEX 4XXXXX*5225 05 SEP XXXXXXXXXXXXXXXXXXX3747","Account Payment","3768.62 PAYPAL *NEX 4XXXXX*5225 05 SEP XXXXXXXXXXXXXXXXXXX3747","3768.62",,"387352.25"
,"07/09/2023","8400/000 : FNB","ManageWP 181.13 MANAGEWP 4XXXXX*5225 06 SEP XXXXXXXXXXXXXXXXXXX4607 ManageWP","Account Payment","ManageWP 181.13 MANAGEWP 4XXXXX*5225 06 SEP XXXXXXXXXXXXXXXXXXX4607 ManageWP","3563.95",,"390916.2"
,"08/09/2023","8400/000 : FNB","20.00 VERCEL PRO 4XXXXX*5225 07 SEP XXXXXXXXXXXXXXXXXXX4680","Account Payment","20.00 VERCEL PRO 4XXXXX*5225 07 SEP XXXXXXXXXXXXXXXXXXX4680","394.73",,"391310.93"
,"08/09/2023","8400/000 : FNB","20.00 VERCEL PRO 4XXXXX*5225 07 SEP XXXXXXXXXXXXXXXXXXX9465","Account Payment","20.00 VERCEL PRO 4XXXXX*5225 07 SEP XXXXXXXXXXXXXXXXXXX9465","394.73",,"391705.66"
,"09/09/2023","8400/000 : FNB","Intuit 546.25 INTUIT *QBoo 4XXXXX*5225 07 SEP XXXXXXXXXXXXXXXXXXX8360 Intuit","Account Payment","Intuit 546.25 INTUIT *QBoo 4XXXXX*5225 07 SEP XXXXXXXXXXXXXXXXXXX8360 Intuit","546.25",,"392251.91"
,"09/09/2023","8400/000 : FNB","Wondershare 52.91 Wondershare 4XXXXX*5225 07 SEP XXXXXXXXXXXXXXXXXXX1823 Wondershare","Account Payment","Wondershare 52.91 Wondershare 4XXXXX*5225 07 SEP XXXXXXXXXXXXXXXXXXX1823 Wondershare","1044.27",,"393296.18"
,"09/09/2023","8400/000 : FNB","3.60 GETADDRESS.IO 4XXXXX*5225 07 SEP XXXXXXXXXXXXXXXXXXX3641","Account Payment","3.60 GETADDRESS.IO 4XXXXX*5225 07 SEP XXXXXXXXXXXXXXXXXXX3641","89.18",,"393385.36"
,"12/09/2023","8400/000 : FNB","Shopify 2552.99 SHOPIFY* 19 4XXXXX*5225 10 SEP XXXXXXXXXXXXXXXXXXX5019 Shopify","Account Payment","Shopify 2552.99 SHOPIFY* 19 4XXXXX*5225 10 SEP XXXXXXXXXXXXXXXXXXX5019 Shopify","50023.72",,"443409.08"
,"12/09/2023","8400/000 : FNB","GoDaddy 1322.93 DNH*GODADDY 4XXXXX*5225 10 SEP XXXXXXXXXXXXXXXXXXX5416 GoDaddy","Account Payment","GoDaddy 1322.93 DNH*GODADDY 4XXXXX*5225 10 SEP XXXXXXXXXXXXXXXXXXX5416 GoDaddy","1322.93",,"444732.01"
,"13/09/2023","8400/000 : FNB","GitHub 42.00 GITHUB, INC. 4XXXXX*5225 11 SEP XXXXXXXXXXXXXXXXXXX5558 GitHub","Account Payment","GitHub 42.00 GITHUB, INC. 4XXXXX*5225 11 SEP XXXXXXXXXXXXXXXXXXX5558 GitHub","822.96",,"445554.97"
,"13/09/2023","8400/000 : FNB","GitHub 189.00 GITHUB, INC. 4XXXXX*5225 11 SEP XXXXXXXXXXXXXXXXXXX8177 GitHub","Account Payment","GitHub 189.00 GITHUB, INC. 4XXXXX*5225 11 SEP XXXXXXXXXXXXXXXXXXX8177 GitHub","3703.29",,"449258.26"
,"13/09/2023","8400/000 : FNB","Intuit 408.25 INTUIT *QBoo 4XXXXX*5225 11 SEP XXXXXXXXXXXXXXXXXXX6287 Intuit","Account Payment","Intuit 408.25 INTUIT *QBoo 4XXXXX*5225 11 SEP XXXXXXXXXXXXXXXXXXX6287 Intuit","408.25",,"449666.51"
,"13/09/2023","8400/000 : FNB","Intuit 546.25 INTUIT *QBoo 4XXXXX*5225 11 SEP XXXXXXXXXXXXXXXXXXX6253 Intuit","Account Payment","Intuit 546.25 INTUIT *QBoo 4XXXXX*5225 11 SEP XXXXXXXXXXXXXXXXXXX6253 Intuit","546.25",,"450212.76"
,"13/09/2023","8400/000 : FNB","GitHub 42.00 GITHUB, INC. 4XXXXX*5225 11 SEP XXXXXXXXXXXXXXXXXXX7870 GitHub","Account Payment","GitHub 42.00 GITHUB, INC. 4XXXXX*5225 11 SEP XXXXXXXXXXXXXXXXXXX7870 GitHub","822.96",,"451035.72"
,"15/09/2023","8400/000 : FNB","180.00 AGENCYANALYT 4XXXXX*5225 13 SEP XXXXXXXXXXXXXXXXXXX8804","Account Payment","180.00 AGENCYANALYT 4XXXXX*5225 13 SEP XXXXXXXXXXXXXXXXXXX8804","3497.04",,"454532.76"
,"18/09/2023","8400/000 : FNB","226.48 SLACK T0MN3D 4XXXXX*5225 15 SEP XXXXXXXXXXXXXXXXXXX6844","Account Payment","226.48 SLACK T0MN3D 4XXXXX*5225 15 SEP XXXXXXXXXXXXXXXXXXX6844","4404.8",,"458937.56"
,"19/09/2023","8400/000 : FNB","10.00 REPLIT, INC. 4XXXXX*5225 17 SEP XXXXXXXXXXXXXXXXXXX2742","Account Payment","10.00 REPLIT, INC. 4XXXXX*5225 17 SEP XXXXXXXXXXXXXXXXXXX2742","195.03",,"459132.59"
,"19/09/2023","8400/000 : FNB","3762.85 PAYPAL *NEX 4XXXXX*5225 16 SEP XXXXXXXXXXXXXXXXXXX4079","Account Payment","3762.85 PAYPAL *NEX 4XXXXX*5225 16 SEP XXXXXXXXXXXXXXXXXXX4079","3762.85",,"462895.44"
,"20/09/2023","8400/000 : FNB","Shopify 74.75 SHOPIFY* 1961 4XXXXX*5225 18 SEP XXXXXXXXXXXXXXXXXXX4037 Shopify","Account Payment","Shopify 74.75 SHOPIFY* 1961 4XXXXX*5225 18 SEP XXXXXXXXXXXXXXXXXXX4037 Shopify","1457.88",,"464353.32"
,"21/09/2023","8400/000 : FNB","59.00 GREENBACK.COM 4XXXXX*5225 19 SEP XXXXXXXXXXXXXXXXXXX8427","Account Payment","59.00 GREENBACK.COM 4XXXXX*5225 19 SEP XXXXXXXXXXXXXXXXXXX8427","1149.27",,"465502.59"
,"21/09/2023","8400/000 : FNB","Intuit 546.25 INTUIT *QBoo 4XXXXX*5225 19 SEP XXXXXXXXXXXXXXXXXXX3398 Intuit","Account Payment","Intuit 546.25 INTUIT *QBoo 4XXXXX*5225 19 SEP XXXXXXXXXXXXXXXXXXX3398 Intuit","546.25",,"466048.84"
,"21/09/2023","8400/000 : FNB","Intuit 546.25 INTUIT *QBoo 4XXXXX*5225 19 SEP XXXXXXXXXXXXXXXXXXX3406 Intuit","Account Payment","Intuit 546.25 INTUIT *QBoo 4XXXXX*5225 19 SEP XXXXXXXXXXXXXXXXXXX3406 Intuit","546.25",,"466595.09"
,"21/09/2023","8400/000 : FNB","Intuit 546.25 INTUIT *QBoo 4XXXXX*5225 19 SEP XXXXXXXXXXXXXXXXXXX8378 Intuit","Account Payment","Intuit 546.25 INTUIT *QBoo 4XXXXX*5225 19 SEP XXXXXXXXXXXXXXXXXXX8378 Intuit","546.25",,"467141.34"
,"21/09/2023","8400/000 : FNB","Intuit 546.25 INTUIT *QBoo 4XXXXX*5225 19 SEP XXXXXXXXXXXXXXXXXXX3380 Intuit","Account Payment","Intuit 546.25 INTUIT *QBoo 4XXXXX*5225 19 SEP XXXXXXXXXXXXXXXXXXX3380 Intuit","546.25",,"467687.59"
,"21/09/2023","8400/000 : FNB","Intuit 546.25 INTUIT *QBoo 4XXXXX*5225 19 SEP XXXXXXXXXXXXXXXXXXX8386 Intuit","Account Payment","Intuit 546.25 INTUIT *QBoo 4XXXXX*5225 19 SEP XXXXXXXXXXXXXXXXXXX8386 Intuit","546.25",,"468233.84"
,"21/09/2023","8400/000 : FNB","Intuit 273.13 INTUIT *QBoo 4XXXXX*5225 19 SEP XXXXXXXXXXXXXXXXXXX0343 Intuit","Account Payment","Intuit 273.13 INTUIT *QBoo 4XXXXX*5225 19 SEP XXXXXXXXXXXXXXXXXXX0343 Intuit","273.13",,"468506.97"
,"21/09/2023","8400/000 : FNB","Intuit 132.25 INTUIT *QBoo 4XXXXX*5225 19 SEP XXXXXXXXXXXXXXXXXXX8394 Intuit","Account Payment","Intuit 132.25 INTUIT *QBoo 4XXXXX*5225 19 SEP XXXXXXXXXXXXXXXXXXX8394 Intuit","132.25",,"468639.22"
,"22/09/2023","8400/000 : FNB","20.00 REPLIT, INC. 4XXXXX*5225 20 SEP XXXXXXXXXXXXXXXXXXX1922","Account Payment","20.00 REPLIT, INC. 4XXXXX*5225 20 SEP XXXXXXXXXXXXXXXXXXX1922","388.91",,"469028.13"
,"26/09/2023","8400/000 : FNB","376.40 HOLASPIRIT 4XXXXX*5225 25 SEP XXXXXXXXXXXXXXXXXXX3362","Account Payment","376.40 HOLASPIRIT 4XXXXX*5225 25 SEP XXXXXXXXXXXXXXXXXXX3362","6769.73",,"475797.86"
,"26/09/2023","8400/000 : FNB","GitHub 4.00 GITHUB, INC. 4XXXXX*5225 22 SEP XXXXXXXXXXXXXXXXXXX5533 GitHub","Account Payment","GitHub 4.00 GITHUB, INC. 4XXXXX*5225 22 SEP XXXXXXXXXXXXXXXXXXX5533 GitHub","77.72",,"475875.58"
,"28/09/2023","8400/000 : FNB","X0706.01 PAYPAL *NE 4XXXXX*5225 26 SEP XXXXXXXXXXXXXXXXXXX1789","Account Payment","X0706.01 PAYPAL *NE 4XXXXX*5225 26 SEP XXXXXXXXXXXXXXXXXXX1789","10706.01",,"486581.59"
,"28/09/2023","STOCK2SHOP (PTY) LTD","WWI31114","Supplier Invoice","3300/020 : Computer - Platforms","2219",,"488800.59"
,"30/09/2023","8400/000 : FNB","Intuit 546.25 INTUIT *QBoo 4XXXXX*5225 28 SEP XXXXXXXXXXXXXXXXXXX4274 Intuit","Account Payment","Intuit 546.25 INTUIT *QBoo 4XXXXX*5225 28 SEP XXXXXXXXXXXXXXXXXXX4274 Intuit","546.25",,"489346.84"
,"30/09/2023","8400/000 : FNB","Intuit 546.25 INTUIT *QBoo 4XXXXX*5225 28 SEP XXXXXXXXXXXXXXXXXXX4266 Intuit","Account Payment","Intuit 546.25 INTUIT *QBoo 4XXXXX*5225 28 SEP XXXXXXXXXXXXXXXXXXX4266 Intuit","546.25",,"489893.09"
,"02/10/2023","8400/000 : FNB","5050.80 FRESHWORKS 4XXXXX*5225 29 SEP XXXXXXXXXXXXXXXXXXX2828","Account Payment","5050.80 FRESHWORKS 4XXXXX*5225 29 SEP XXXXXXXXXXXXXXXXXXX2828","5050.8",,"494943.89"
,"02/10/2023","8400/000 : FNB","Bob Go 4XXXXX*5225 28 SEP XXXXXXXXXXXXXXXXXXX7119","Account Payment","Bob Go 4XXXXX*5225 28 SEP XXXXXXXXXXXXXXXXXXX7119","2298.85",,"497242.74"
,"02/10/2023","8400/000 : FNB","2989.34 PAYPAL *NEX 4XXXXX*5225 28 SEP XXXXXXXXXXXXXXXXXXX1883","Account Payment","2989.34 PAYPAL *NEX 4XXXXX*5225 28 SEP XXXXXXXXXXXXXXXXXXX1883","2989.34",,"500232.08"
,"03/10/2023","8400/000 : FNB","Intuit 546.25 INTUIT *QBoo 4XXXXX*5225 01 OCT XXXXXXXXXXXXXXXXXXX4325 Intuit","Account Payment","Intuit 546.25 INTUIT *QBoo 4XXXXX*5225 01 OCT XXXXXXXXXXXXXXXXXXX4325 Intuit","546.25",,"500778.33"
,"03/10/2023","8400/000 : FNB","119.94 CLINICSOFTWA 4XXXXX*5225 30 SEP XXXXXXXXXXXXXXXXXXX5025","Account Payment","119.94 CLINICSOFTWA 4XXXXX*5225 30 SEP XXXXXXXXXXXXXXXXXXX5025","2861.24",,"503639.57"
,"05/10/2023","8400/000 : FNB","224.48 AIRTABLE.COM 4XXXXX*5225 03 OCT XXXXXXXXXXXXXXXXXXX5057","Account Payment","224.48 AIRTABLE.COM 4XXXXX*5225 03 OCT XXXXXXXXXXXXXXXXXXX5057","4404.78",,"508044.35"
,"06/10/2023","8400/000 : FNB","1499.00 APPDIRECT 4XXXXX*5225 04 OCT XXXXXXXXXXXXXXXXXXX0089","Account Payment","1499.00 APPDIRECT 4XXXXX*5225 04 OCT XXXXXXXXXXXXXXXXXXX0089","29649.03",,"537693.38"
,"06/10/2023","8400/000 : FNB","ManageWP 120.75 MANAGEWP 4XXXXX*5225 05 OCT XXXXXXXXXXXXXXXXXXX4557 ManageWP","Account Payment","ManageWP 120.75 MANAGEWP 4XXXXX*5225 05 OCT XXXXXXXXXXXXXXXXXXX4557 ManageWP","2395.48",,"540088.86"
,"06/10/2023","8400/000 : FNB","ManageWP 120.75 MANAGEWP 4XXXXX*5225 05 OCT XXXXXXXXXXXXXXXXXXX7460 ManageWP","Account Payment","ManageWP 120.75 MANAGEWP 4XXXXX*5225 05 OCT XXXXXXXXXXXXXXXXXXX7460 ManageWP","2395.48",,"542484.34"
,"06/10/2023","8400/000 : FNB","GitHub 19.00 GITHUB, INC. 4XXXXX*5225 04 OCT XXXXXXXXXXXXXXXXXXX5225 GitHub","Account Payment","GitHub 19.00 GITHUB, INC. 4XXXXX*5225 04 OCT XXXXXXXXXXXXXXXXXXX5225 GitHub","375.81",,"542860.15"
,"06/10/2023","8400/000 : FNB","GitHub 7.05 GITHUB, INC. 4XXXXX*5225 04 OCT XXXXXXXXXXXXXXXXXXX4437 GitHub","Account Payment","GitHub 7.05 GITHUB, INC. 4XXXXX*5225 04 OCT XXXXXXXXXXXXXXXXXXX4437 GitHub","139.44",,"542999.59"
,"09/10/2023","8400/000 : FNB","19.99 WOOCOMMERCE S 4XXXXX*5225 06 OCT XXXXXXXXXXXXXXXXXXX6920","Account Payment","19.99 WOOCOMMERCE S 4XXXXX*5225 06 OCT XXXXXXXXXXXXXXXXXXX6920","400.66",,"543400.25"
,"09/10/2023","8400/000 : FNB","20.00 VERCEL PRO 4XXXXX*5225 07 OCT XXXXXXXXXXXXXXXXXXX3010","Account Payment","20.00 VERCEL PRO 4XXXXX*5225 07 OCT XXXXXXXXXXXXXXXXXXX3010","400.87",,"543801.12"
,"09/10/2023","8400/000 : FNB","20.00 VERCEL PRO 4XXXXX*5225 07 OCT XXXXXXXXXXXXXXXXXXX7609","Account Payment","20.00 VERCEL PRO 4XXXXX*5225 07 OCT XXXXXXXXXXXXXXXXXXX7609","400.87",,"544201.99"
,"10/10/2023","8400/000 : FNB","3.60 GETADDRESS.IO 4XXXXX*5225 07 OCT XXXXXXXXXXXXXXXXXXX1721","Account Payment","3.60 GETADDRESS.IO 4XXXXX*5225 07 OCT XXXXXXXXXXXXXXXXXXX1721","87.71",,"544289.7"
,"10/10/2023","8400/000 : FNB","Intuit 546.25 INTUIT *QBoo 4XXXXX*5225 07 OCT XXXXXXXXXXXXXXXXXXX6981 Intuit","Account Payment","Intuit 546.25 INTUIT *QBoo 4XXXXX*5225 07 OCT XXXXXXXXXXXXXXXXXXX6981 Intuit","546.25",,"544835.95"
,"10/10/2023","8400/000 : FNB","99.00 MIOSALON.COM( 4XXXXX*5225 07 OCT XXXXXXXXXXXXXXXXXXX2289","Account Payment","99.00 MIOSALON.COM( 4XXXXX*5225 07 OCT XXXXXXXXXXXXXXXXXXX2289","1984.32",,"546820.27"
,"10/10/2023","8400/000 : FNB","99.00 MIOSALON.COM( 4XXXXX*5225 07 OCT XXXXXXXXXXXXXXXXXXX8177","Account Payment","99.00 MIOSALON.COM( 4XXXXX*5225 07 OCT XXXXXXXXXXXXXXXXXXX8177","1984.32",,"548804.59"
,"13/10/2023","8400/000 : FNB","GitHub 189.00 GITHUB, INC. 4XXXXX*5225 11 OCT XXXXXXXXXXXXXXXXXXX2413 GitHub","Account Payment","GitHub 189.00 GITHUB, INC. 4XXXXX*5225 11 OCT XXXXXXXXXXXXXXXXXXX2413 GitHub","3734.72",,"552539.31"
,"13/10/2023","8400/000 : FNB","GitHub 42.00 GITHUB, INC. 4XXXXX*5225 11 OCT XXXXXXXXXXXXXXXXXXX9207 GitHub","Account Payment","GitHub 42.00 GITHUB, INC. 4XXXXX*5225 11 OCT XXXXXXXXXXXXXXXXXXX9207 GitHub","829.93",,"553369.24"
,"13/10/2023","8400/000 : FNB","GitHub 42.00 GITHUB, INC. 4XXXXX*5225 11 OCT XXXXXXXXXXXXXXXXXXX1847 GitHub","Account Payment","GitHub 42.00 GITHUB, INC. 4XXXXX*5225 11 OCT XXXXXXXXXXXXXXXXXXX1847 GitHub","829.93",,"554199.17"
,"13/10/2023","8400/000 : FNB","Intuit 546.25 INTUIT *QBoo 4XXXXX*5225 11 OCT XXXXXXXXXXXXXXXXXXX1408 Intuit","Account Payment","Intuit 546.25 INTUIT *QBoo 4XXXXX*5225 11 OCT XXXXXXXXXXXXXXXXXXX1408 Intuit","546.25",,"554745.42"
,"13/10/2023","8400/000 : FNB","Intuit 408.25 INTUIT *QBoo 4XXXXX*5225 11 OCT XXXXXXXXXXXXXXXXXXX1366 Intuit","Account Payment","Intuit 408.25 INTUIT *QBoo 4XXXXX*5225 11 OCT XXXXXXXXXXXXXXXXXXX1366 Intuit","408.25",,"555153.67"
,"14/10/2023","8400/000 : FNB","10.00 REPLIT, INC. 4XXXXX*5225 12 OCT XXXXXXXXXXXXXXXXXXX8578","Account Payment","10.00 REPLIT, INC. 4XXXXX*5225 12 OCT XXXXXXXXXXXXXXXXXXX8578","194.59",,"555348.26"
,"16/10/2023","8400/000 : FNB","180.00 AGENCYANALYT 4XXXXX*5225 13 OCT XXXXXXXXXXXXXXXXXXX9278","Account Payment","180.00 AGENCYANALYT 4XXXXX*5225 13 OCT XXXXXXXXXXXXXXXXXXX9278","3499.71",,"558847.97"
,"17/10/2023","8400/000 : FNB","216.20 SLACK T0MN3D 4XXXXX*5225 15 OCT XXXXXXXXXXXXXXXXXXX8977","Account Payment","216.20 SLACK T0MN3D 4XXXXX*5225 15 OCT XXXXXXXXXXXXXXXXXXX8977","4201.39",,"563049.36"
,"17/10/2023","8400/000 : FNB","GitHub 4.00 GITHUB, INC. 4XXXXX*5225 14 OCT XXXXXXXXXXXXXXXXXXX5247 GitHub","Account Payment","GitHub 4.00 GITHUB, INC. 4XXXXX*5225 14 OCT XXXXXXXXXXXXXXXXXXX5247 GitHub","77.73",,"563127.09"
,"20/10/2023","8400/000 : FNB","74143613292000157664335","Account Payment","74.75 SHOPIFY 2002 4910505225 18 OCT 74143613292000157664335","1442.92",,"564570.01"
,"21/10/2023","8400/000 : FNB","Payment made","Account Payment","Payment made","132.25",,"564702.26"
,"21/10/2023","8400/000 : FNB","Payment made","Account Payment","Payment made","273.13",,"564975.39"
,"21/10/2023","8400/000 : FNB","Payment made","Account Payment","Payment made","546.25",,"565521.64"
,"21/10/2023","8400/000 : FNB","Payment made","Account Payment","Payment made","546.25",,"566067.89"
,"21/10/2023","8400/000 : FNB","Payment made","Account Payment","Payment made","1148.83",,"567216.72"
,"23/10/2023","8400/000 : FNB","Payment made","Account Payment","Payment made","391.02",,"567607.74"
,"26/10/2023","8400/000 : FNB","Payment made","Account Payment","Payment made","1467.54",,"569075.28"
,"26/10/2023","8400/000 : FNB","Payment made","Account Payment","Payment made","7801.99",,"576877.27"
,"28/10/2023","STOCK2SHOP (PTY) LTD","WWI31145","Supplier Invoice","3300/020 : Computer - Platforms Stock to Shop","2219",,"579096.27"
,"31/10/2023","8400/000 : FNB","CANVA","Account Payment","CANVA","109.99",,"579206.26"
,"31/10/2023","8400/000 : FNB","FRESHWORKS","Account Payment","FRESHWORKS","5050.8",,"584257.06"
,"01/11/2023","8400/000 : FNB","CLINICSOFTWARE","Account Payment","CLINICSOFTWARE","2824.21",,"587081.27"
,"02/11/2023","8400/000 : FNB","INTUIIT","Account Payment","INTUIT","546.25",,"587627.52"
,"03/11/2023","8400/000 : FNB","273.24 GSUITE _regim","Account Payment","273.24 GSUITE _regim","5284.68",,"592912.2"
,"03/11/2023","8400/000 : FNB","GOOGLE GSUIT","Account Payment","GOOGLE GSUIT","906.49",,"593818.69"
,"07/11/2023","8400/000 : FNB","GITHUB","Account Payment","GITHUB","358.38",,"594177.07"
,"07/11/2023","8400/000 : FNB","GITHUB","Account Payment","GITHUB","128.83",,"594305.9"
,"07/11/2023","8400/000 : FNB","APPDIRECT","Account Payment","APPDIRECT","28273.71",,"622579.61"
,"08/11/2023","8400/000 : FNB","REPLIT INC","Account Payment","REPLIT INC","188.62",,"622768.23"
,"08/11/2023","8400/000 : FNB","VERCEL PRO","Account Payment","VERCEL PRO","374.9",,"623143.13"
,"08/11/2023","8400/000 : FNB","VERCEL PRO","Account Payment","VERCEL PRO","374.9",,"623518.03"
,"08/11/2023","8400/000 : FNB","WOOCOMMERCE","Account Payment","WOOCOMMERCE","377.04",,"623895.07"
,"09/11/2023","8400/000 : FNB","3.60 GETADDRESS","Account Payment","3.60 GETADDRESS","83.5",,"623978.57"
,"09/11/2023","8400/000 : FNB","INTUIT","Account Payment","INTUIT","546.25",,"624524.82"
,"09/11/2023","8400/000 : FNB","99.00 MIOSALON","Account Payment","99.00 MIOSALON","1855.76",,"626380.58"
,"09/11/2023","8400/000 : FNB","SAGE SA NETCASH","Account Payment","SAGE SA NETCASH","4020.81",,"630401.39"
,"10/11/2023","8400/000 : FNB","MANAGE WP","Account Payment","MANAGE WP","2272.07",,"632673.46"
,"10/11/2023","8400/000 : FNB","MANAGE WP","Account Payment","MANAGE WP","2272.07",,"634945.53"
,"13/11/2023","8400/000 : FNB","SHOPIFY","Account Payment","SHOPIFY","57249.26",,"692194.79"
,"14/11/2023","8400/000 : FNB","INTUIT","Account Payment","INTUIT","546.25",,"692741.04"
,"14/11/2023","8400/000 : FNB","GITHUB","Account Payment","GITHUB","806.47",,"693547.51"
,"14/11/2023","8400/000 : FNB","GITHUB","Account Payment","GITHUB","806.47",,"694353.98"
,"14/11/2023","8400/000 : FNB","GITHUB","Account Payment","GITHUB","3629.12",,"697983.1"
,"14/11/2023","8400/000 : FNB","INTUIT","Account Payment","INTUIT","408.25",,"698391.35"
,"16/11/2023","8400/000 : FNB","GITBUB","Account Payment","GITHUB","76.8",,"698468.15"
,"16/11/2023","8400/000 : FNB","STOCK 2 SHOP","Account Payment","STOCK 2 SHOP","747.5",,"699215.65"
,"17/11/2023","8400/000 : FNB","SLACK T0MN3D","Account Payment","222.01 SLACK T0MN3D","4239.53",,"703455.18"
,"18/11/2023","8400/000 : FNB","BOB PAY","Account Payment","BOB PAY","4597.7",,"708052.88"
,"18/11/2023","8400/000 : FNB","MSFT","Account Payment","5790.43 MSFT+*3cE0","5790.43",,"713843.31"
,"20/11/2023","8400/000 : FNB","SHOPIFY","Account Payment","SHOPIFY","1405.76",,"715249.07"
,"21/11/2023","8400/000 : FNB","74838423323108735050849","Account Payment","273.13 INTUIT QBoo 4910505225 19 NOV 74838423323108735050849","273.13",,"715522.2"
,"21/11/2023","8400/000 : FNB","24492163324000007039811","Account Payment","420.00 WEBFLOW.COM 4910505191 20 NOV 24492163324000007039811","7900.81",,"723423.01"
,"21/11/2023","8400/000 : FNB","74838423323108728523711","Account Payment","546.25 INTUIT QBoo 4910505225 19 NOV 74838423323108728523711","546.25",,"723969.26"
,"21/11/2023","8400/000 : FNB","74838423323108728238674","Account Payment","546.25 INTUIT QBoo 4910505225 19 NOV 74838423323108728238674","546.25",,"724515.51"
,"21/11/2023","8400/000 : FNB","74838423323108735050807","Account Payment","132.25 INTUIT QBoo 4910505225 19 NOV 74838423323108735050807","132.25",,"724647.76"
,"22/11/2023","8400/000 : FNB","74922133324036260013190","Account Payment","BOB PAY 4910505191 16 NOV 74922133324036260013190","2298.85",,"726946.61"
,"22/11/2023","8400/000 : FNB","74922133324036270019930","Account Payment","BOB PAY 4910505191 17 NOV 74922133324036270019930","2298.85",,"729245.46"
,"22/11/2023","8400/000 : FNB","24492163324000049371024","Account Payment","20.00 REPLIT INC. 4910505225 20 NOV 24492163324000049371024","376.23",,"729621.69"
,"25/11/2023","8400/000 : FNB","24906413327187776120249","Account Payment","392.14 DNHGODADDY. 4910505225 23 NOV 24906413327187776120249","392.14",,"730013.83"
,"27/11/2023","8400/000 : FNB","24011343328000039857574","Account Payment","1397.25 FIGMA 4910505225 24 NOV 24011343328000039857574","26947.01",,"756960.84"
,"27/11/2023","8400/000 : FNB","74609053329000005771335","Account Payment","376.40 HOLASPIRIT 4910505225 25 NOV 74609053329000005771335","7948.47",,"764909.31"
,"27/11/2023","8400/000 : FNB","74609053329000005872398","Account Payment","70.80 HOLASPIRIT 4910505225 25 NOV 74609053329000005872398","1495.09",,"766404.4"
,"29/11/2023","8400/000 : FNB","74143613332000119333013","Account Payment","2909.35 SHOPIFY 20 4910505225 27 NOV 74143613332000119333013","56297.39",,"822701.79"
,"30/11/2023","8400/000 : FNB","74838423332106250478386","Account Payment","546.25 INTUIT QBoo 4910505225 28 NOV 74838423332106250478386","546.25",,"823248.04"
,"01/12/2023","8400/000 : FNB","24011343334000012129258","Account Payment","141.99 CANVA I0398 4910505225 30 NOV 24011343334000012129258","141.99",,"823390.03"
,"01/12/2023","STOCK2SHOP (PTY) LTD","WWI31217","Supplier Invoice","3300/020 : Computer - Platforms","2219",,"825609.03"
,"04/12/2023","8400/000 : FNB","24492163335000076649414","Account Payment","10.00 REPLIT INC. 4910505225 01 DEC 24492163335000076649414","193.63",,"825802.66"
,"04/12/2023","8400/000 : FNB","74838423335109240242315","Account Payment","546.25 INTUIT QBoo 4910505225 01 DEC 74838423335109240242315","546.25",,"826348.91"
,"04/12/2023","8400/000 : FNB","74697693336920045315719","Account Payment","44.14 GOOGLEGSUITE 4910505225 01 DEC 74697693336920045315719","931.63",,"827280.54"
,"04/12/2023","8400/000 : FNB","74987503336000233316058","Account Payment","101.54 Google GSUIT 4910505191 02 DEC 74987503336000233316058","2131.98",,"829412.52"
,"04/12/2023","8400/000 : FNB","24011343335000042966199","Account Payment","4109.90 CANVA I039 4910505225 01 DEC 24011343335000042966199","4109.9",,"833522.42"
,"04/12/2023","8400/000 : FNB","74796313335000088390048","Account Payment","273.24 GSUITE_regim 4910505225 01 DEC 74796313335000088390048","5290.57",,"838812.99"
,"04/12/2023","8400/000 : FNB","24492163336000013453549","Account Payment","540.00 AIRTABLE.COM 4910505191 02 DEC 24492163336000013453549","10414.03",,"849227.02"
,"05/12/2023","8400/000 : FNB","24492163338000019228042","Account Payment","1499.00 APPDIRECT 4910505225 04 DEC 24492163338000019228042","28908.56",,"878135.58"
,"05/12/2023","8400/000 : FNB","24492163336000048649764","Account Payment","4.00 GITHUB INC. 4910505225 02 DEC 24492163336000048649764","77.14",,"878212.72"
,"05/12/2023","8400/000 : FNB","74201333336000005935483","Account Payment","576.00 LEONARDO.AI 4910505225 02 DEC 74201333336000005935483","11108.3",,"889321.02"
,"06/12/2023","8400/000 : FNB","24492163338000043001522","Account Payment","19.00 GITHUB INC. 4910505225 04 DEC 24492163338000043001522","366.41",,"889687.43"
,"06/12/2023","8400/000 : FNB","24492163338000043318835","Account Payment","6.61 GITHUB INC. 4910505225 04 DEC 24492163338000043318835","127.48",,"889814.91"
,"07/12/2023","8400/000 : FNB","24492163339000033133631","Account Payment","120.75 MANAGEWP 4910505225 05 DEC 24492163339000033133631","2325.31",,"892140.22"
,"07/12/2023","8400/000 : FNB","24492163339000033038863","Account Payment","120.75 MANAGEWP 4910505225 05 DEC 24492163339000033038863","2325.31",,"894465.53"
,"08/12/2023","8400/000 : FNB","74208473341000006935375","Account Payment","3.60 GETADDRESS.IO 4910505225 07 DEC 74208473341000006935375","87.93",,"894553.46"
,"08/12/2023","8400/000 : FNB","24011343341000019559243","Account Payment","20.00 VERCEL PRO 4910505225 07 DEC 24011343341000019559243","388.13",,"894941.59"
,"08/12/2023","8400/000 : FNB","24011343341000014174196","Account Payment","20.00 VERCEL PRO 4910505225 07 DEC 24011343341000014174196","388.13",,"895329.72"
,"08/12/2023","8400/000 : FNB","74609053340000008431825","Account Payment","19.99 WOOCOMMERCE S 4910505225 06 DEC 74609053340000008431825","388.04",,"895717.76"
,"09/12/2023","8400/000 : FNB","74838423341104430792486","Account Payment","546.25 INTUIT QBoo 4910505225 07 DEC 74838423341104430792486","546.25",,"896264.01"
,"09/12/2023","8400/000 : FNB","24492163342000000451490","Account Payment","99.00 MIOSALON.COM 4910505225 07 DEC 24492163342000000451490","1921.22",,"898185.23"
,"09/12/2023","8400/000 : FNB","24492163342000000262806","Account Payment","99.00 MIOSALON.COM 4910505225 07 DEC 24492163342000000262806","1921.22",,"900106.45"
,"11/12/2023","STOCK2SHOP (PTY) LTD","WWI31205","Supplier Invoice","Additional console","10000",,"910106.45"
,"12/12/2023","8400/000 : FNB","74143613345001282409668","Account Payment","3001.45 SHOPIFY 20 4910505225 10 DEC 74143613345001282409668","58219.52",,"968325.97"
,"13/12/2023","8400/000 : FNB","74838423345108111924934","Account Payment","408.25 INTUIT QBoo 4910505225 11 DEC 74838423345108111924934","408.25",,"968734.22"
,"13/12/2023","8400/000 : FNB","74201333345000005897856","Account Payment","40.00 KRISPCALL 4910505191 11 DEC 74201333345000005897856","775.88",,"969510.1"
,"13/12/2023","8400/000 : FNB","74201333345000005923009","Account Payment","40.00 KRISPCALL 4910505191 11 DEC 74201333345000005923009","775.88",,"970285.98"
,"13/12/2023","8400/000 : FNB","24492163345000044273709","Account Payment","189.00 GITHUB INC. 4910505225 11 DEC 24492163345000044273709","3666.05",,"973952.03"
,"13/12/2023","8400/000 : FNB","74201333345000005926572","Account Payment","40.00 KRISPCALL 4910505191 11 DEC 74201333345000005926572","775.88",,"974727.91"
,"13/12/2023","8400/000 : FNB","74201333345000005936910","Account Payment","40.00 KRISPCALL 4910505191 11 DEC 74201333345000005936910","775.88",,"975503.79"
,"13/12/2023","8400/000 : FNB","74838423345108111924876","Account Payment","546.25 INTUIT QBoo 4910505225 11 DEC 74838423345108111924876","546.25",,"976050.04"
,"13/12/2023","8400/000 : FNB","74201333345000006010251","Account Payment","100.00 KRISPCALL 4910505191 11 DEC 74201333345000006010251","1939.71",,"977989.75"
,"13/12/2023","8400/000 : FNB","24492163345000043804819","Account Payment","42.00 GITHUB INC. 4910505225 11 DEC 24492163345000043804819","814.68",,"978804.43"
,"13/12/2023","8400/000 : FNB","24492163345000044413446","Account Payment","42.00 GITHUB INC. 4910505225 11 DEC 24492163345000044413446","814.68",,"979619.11"
,"18/12/2023","8400/000 : FNB","74208473349000007934825","Account Payment","500.00 ATARIMAGENCY 4910505191 15 DEC 74208473349000007934825","9550.15",,"989169.26"
,"18/12/2023","8400/000 : FNB","24492163348000046760387","Account Payment","14.00 GITHUB INC. 4910505225 14 DEC 24492163348000046760387","272.73",,"989441.99"
,"18/12/2023","8400/000 : FNB","74609053349000009084772","Account Payment","990.00 DMNS.APP BUS 4910505225 15 DEC 74609053349000009084772","18909.3",,"1008351.29"
,"18/12/2023","8400/000 : FNB","74609053349000011704276","Account Payment","190.32 SLACK T0MN3D 4910505225 15 DEC 74609053349000011704276","3635.17",,"1011986.46"
,"18/12/2023","8400/000 : FNB","24011343349000067214172","Account Payment","780.00 RETOOL 4910505225 15 DEC 24011343349000067214172","14898.23",,"1026884.69"
,"18/12/2023","8400/000 : FNB","74247283347820126504342","Account Payment","180.00 AGENCYANALYT 4910505225 13 DEC 74247283347820126504342","3514.71",,"1030399.4"
,"18/12/2023","8400/000 : FNB","24011343349000025966392","Account Payment","348.00 WWW.MAKE.COM 4910505191 15 DEC 24011343349000025966392","6646.9",,"1037046.3"
,"18/12/2023","8400/000 : FNB","74208473349000008621264","Account Payment","149.99 ATARIMAGENCY 4910505191 15 DEC 74208473349000008621264","2864.85",,"1039911.15"
,"19/12/2023","8400/000 : FNB","74143613352001295803071","Account Payment","74.75 SHOPIFY 2087 4910505225 17 DEC 74143613352001295803071","1406.02",,"1041317.17"
,"19/12/2023","8400/000 : FNB","74796313351000000009055","Account Payment","26415.96 MSFT E07 4910505225 17 DEC 74796313351000000009055","26415.96",,"1067733.13"
,"19/12/2023","8400/000 : FNB","24011343350000049887877","Account Payment","279.00 TRIPLE WHALE 4910505191 16 DEC 24011343350000049887877","5247.88",,"1072981.01"
,"19/12/2023","8400/000 : FNB","24492163351000041020922","Account Payment","449.00 SITECORE USA 4910505191 17 DEC 24492163351000041020922","8445.52",,"1081426.53"
,"19/12/2023","8400/000 : FNB","74601003351350632302002","Account Payment","5439.50 MSFT E070 4910505225 17 DEC 74601003351350632302002","5439.5",,"1086866.03"
,"20/12/2023","8400/000 : FNB","74548583353006507000072","Account Payment","httpwww.windeed. 4910505191 15 DEC 74548583353006507000072","900",,"1087766.03"
,"21/12/2023","8400/000 : FNB","24492163353000025130927","Account Payment","59.00 GREENBACK.COM 4910505225 19 DEC 24492163353000025130927","1123.55",,"1088889.58"
,"21/12/2023","8400/000 : FNB","74838423353102631123647","Account Payment","546.25 INTUIT QBoo 4910505225 19 DEC 74838423353102631123647","546.25",,"1089435.83"
,"21/12/2023","8400/000 : FNB","74838423353102631186180","Account Payment","546.25 INTUIT QBoo 4910505225 19 DEC 74838423353102631186180","546.25",,"1089982.08"
,"21/12/2023","8400/000 : FNB","74838423353102635308061","Account Payment","264.50 INTUIT QBoo 4910505225 19 DEC 74838423353102635308061","264.5",,"1090246.58"
,"21/12/2023","8400/000 : FNB","74838423353102635308053","Account Payment","546.25 INTUIT QBoo 4910505225 19 DEC 74838423353102635308053","546.25",,"1090792.83"
,"22/12/2023","8400/000 : FNB","24492163354000048987385","Account Payment","20.00 REPLIT INC. 4910505225 20 DEC 24492163354000048987385","380.42",,"1091173.25"
,"27/12/2023","8400/000 : FNB","74609053359000002032288","Account Payment","70.80 HOLASPIRIT 4910505225 25 DEC 74609053359000002032288","1475.15",,"1092648.4"
,"27/12/2023","8400/000 : FNB","74609053359000001987805","Account Payment","376.40 HOLASPIRIT 4910505225 25 DEC 74609053359000001987805","7842.46",,"1100490.86"
,"28/12/2023","8400/000 : FNB","24492163360000034251210","Account Payment","10.00 REPLIT INC. 4910505225 26 DEC 24492163360000034251210","189.32",,"1100680.18"
,"28/12/2023","STOCK2SHOP (PTY) LTD","WWI31211","Supplier Invoice","3300/020 : Computer - Platforms","2219",,"1102899.18"
,"29/12/2023","8400/000 : FNB","74201333361000007523749","Account Receipt","40.00 KRISPCALL 4910505191 27 DEC 74201333361000007523749",,"721.84","1102177.34"
,"29/12/2023","8400/000 : FNB","24692163361109501046636","Account Payment","5.00 GOOGLE Chrome 4910505191 27 DEC 24692163361109501046636","95.68",,"1102273.02"
,"29/12/2023","8400/000 : FNB","24492163362000008906425","Account Payment","628.61 APPDIRECT 4910505191 28 DEC 24492163362000008906425","11989.47",,"1114262.49"
,"29/12/2023","8400/000 : FNB","74201333361000007525652","Account Receipt","40.00 KRISPCALL 4910505191 27 DEC 74201333361000007525652",,"721.84","1113540.65"
,"29/12/2023","8400/000 : FNB","74143613362000102501371","Account Payment","2771.42 SHOPIFY 21 4910505225 27 DEC 74143613362000102501371","53034.17",,"1166574.82"
,"29/12/2023","8400/000 : FNB","74083423361000005684636","Account Payment","96.00 OBSIDIAN.MD 4910505191 27 DEC 74083423361000005684636","1837.06",,"1168411.88"
,"29/12/2023","8400/000 : FNB","74201333361000007527146","Account Receipt","40.00 KRISPCALL 4910505191 27 DEC 74201333361000007527146",,"721.84","1167690.04"
,"29/12/2023","8400/000 : FNB","74083423361000005614351","Account Payment","96.00 OBSIDIAN.MD 4910505191 27 DEC 74083423361000005614351","1837.06",,"1169527.1"
,"29/12/2023","8400/000 : FNB","74875303362000307894060","Account Payment","8.99 Google Storage 4910505191 27 DEC 74875303362000307894060","8.99",,"1169536.09"
,"29/12/2023","8400/000 : FNB","74201333361000007528086","Account Receipt","100.00 KRISPCALL 4910505191 27 DEC 74201333361000007528086",,"1795.34","1167740.75"
,"29/12/2023","8400/000 : FNB","74201333361000007524366","Account Receipt","40.00 KRISPCALL 4910505191 27 DEC 74201333361000007524366",,"721.84","1167018.91"
,"30/12/2023","8400/000 : FNB","74838423362109922265507","Account Payment","546.25 INTUIT QBoo 4910505225 28 DEC 74838423362109922265507","546.25",,"1167565.16"
,"30/12/2023","8400/000 : FNB","74838423362109922265515","Account Payment","546.25 INTUIT QBoo 4910505225 28 DEC 74838423362109922265515","546.25",,"1168111.41"
,"30/12/2023","8400/000 : FNB","74083423363000004601035","Account Payment","381.90 OBSIDIAN.MD 4910505191 29 DEC 74083423363000004601035","7254.05",,"1175365.46"
,"01/01/2024","STOCK2SHOP (PTY) LTD","WWI31232","Supplier Invoice","Sage One integration","10000",,"1185365.46"
,"02/01/2024","8400/000 : FNB","74208473364000009026091","Account Payment","119.94 CLINICSOFTWA 4910505225 30 DEC 74208473364000009026091","2911.42",,"1188276.88"
,"02/01/2024","8400/000 : FNB","74838423365102425118403","Account Payment","546.25 INTUIT QBoo 4910505225 31 DEC 74838423365102425118403","546.25",,"1188823.13"
,"02/01/2024","8400/000 : FNB","24011343364000012869831","Account Payment","141.99 CANVA I0401 4910505225 30 DEC 24011343364000012869831","141.99",,"1188965.12"
,"03/01/2024","8400/000 : FNB","Gsuiteq","Account Payment","273.24 GSUITE_regim 4910505225 01 JAN 74796314001000052591044","5193.22",,"1194158.34"
,"03/01/2024","8400/000 : FNB","74697694002920024161697","Account Payment","44.14 GOOGLEGSUITE 4910505225 01 JAN 74697694002920024161697","928.71",,"1195087.05"
,"03/01/2024","8400/000 : FNB","74697694002920020285995","Account Payment","21.84 GOOGLEGSUITE 4910505191 01 JAN 74697694002920020285995","459.52",,"1195546.57"
,"03/01/2024","8400/000 : FNB","74697694002920020385399","Account Payment","4.81 GOOGLEGSUITE 4910505191 01 JAN 74697694002920020385399","91.42",,"1195637.99"
,"05/01/2024","8400/000 : FNB","24011344004000024870557","Account Payment","89.00 STABLE 4910505191 04 JAN 24011344004000024870557","1711.75",,"1197349.74"
,"05/01/2024","8400/000 : FNB","24492164004000020407289","Account Payment","1499.00 APPDIRECT 4910505225 04 JAN 24492164004000020407289","28830.57",,"1226180.31"
,"06/01/2024","8400/000 : FNB","24492164004000040661998","Account Payment","19.00 GITHUB INC. 4910505225 04 JAN 24492164004000040661998","365.44",,"1226545.75"
,"06/01/2024","8400/000 : FNB","24492164005000012082438","Account Payment","120.75 MANAGEWP 4910505225 05 JAN 24492164005000012082438","2311.25",,"1228857"
,"06/01/2024","8400/000 : FNB","24492164005000012166868","Account Payment","120.75 MANAGEWP 4910505225 05 JAN 24492164005000012166868","2311.25",,"1231168.25"
,"06/01/2024","8400/000 : FNB","74548584005002608016570","Account Payment","SAGE ACC 4910505225 04 JAN 74548584005002608016570","3160",,"1234328.25"
,"06/01/2024","8400/000 : FNB","24000774004000002308530","Account Payment","749.00 FLYWP.COM 4910505191 04 JAN 24000774004000002308530","14405.66",,"1248733.91"
,"08/01/2024","8400/000 : FNB","74922134005036756006249","Account Payment","BOB GROUP 4910505191 04 JAN 74922134005036756006249","2298.85",,"1251032.76"
,"08/01/2024","8400/000 : FNB","74922134005036720013552","Account Payment","BOB GROUP 4910505191 01 JAN 74922134005036720013552","2298.85",,"1253331.61"
,"08/01/2024","8400/000 : FNB","24492164005000040351029","Account Payment","99.00 WWW.ODRIVE.CO 4910505191 05 JAN 24492164005000040351029","1894.94",,"1255226.55"
,"09/01/2024","8400/000 : FNB","24492164008000001686873","Account Payment","269.63 UNSTOPPABLED 4910505191 07 JAN 24492164008000001686873","5217.52",,"1260444.07"
,"09/01/2024","8400/000 : FNB","24492164008000000058132","Account Payment","99.00 MIOSALON.COM 4910505225 07 JAN 24492164008000000058132","1915.72",,"1262359.79"
,"09/01/2024","8400/000 : FNB","24492164008000000044207","Account Payment","99.00 MIOSALON.COM 4910505225 07 JAN 24492164008000000044207","1915.72",,"1264275.51"
,"09/01/2024","8400/000 : FNB","74987504008000801258042","Account Payment","99.00 Dan.com 4910505191 08 JAN 74987504008000801258042","1915.72",,"1266191.23"
,"09/01/2024","8400/000 : FNB","74838424007107975696007","Account Payment","546.25 INTUIT QBoo 4910505225 07 JAN 74838424007107975696007","546.25",,"1266737.48"
,"09/01/2024","8400/000 : FNB","24011344007000025705502","Account Payment","23.68 ECM A LEGALZ 4910505191 07 JAN 24011344007000025705502","458.22",,"1267195.7"
,"09/01/2024","8400/000 : FNB","24011344007000017400278","Account Payment","20.00 VERCEL INC. 4910505225 07 JAN 24011344007000017400278","387.02",,"1267582.72"
,"09/01/2024","8400/000 : FNB","74609054006000005977799","Account Payment","19.99 WOOCOMMERCE S 4910505225 06 JAN 74609054006000005977799","386.82",,"1267969.54"
,"09/01/2024","8400/000 : FNB","24492164007000015449509","Account Payment","4.95 SHELLS.COM 4910505191 07 JAN 24492164007000015449509","95.79",,"1268065.33"
,"09/01/2024","8400/000 : FNB","74208474007000005536292","Account Payment","3.60 GETADDRESS.IO 4910505225 07 JAN 74208474007000005536292","88",,"1268153.33"
,"09/01/2024","8400/000 : FNB","74601004007400022985431","Account Payment","85.00 MICROSOFTSTO 4910505191 07 JAN 74601004007400022985431","85",,"1268238.33"
,"10/01/2024","8400/000 : FNB","24492164009000011605482","Account Payment","500.00 STRIPE ATLAS 4910505191 09 JAN 24492164009000011605482","9599.06",,"1277837.39"
,"10/01/2024","8400/000 : FNB","24492164008000038107356","Account Payment","150.00 AUTH0.COM 4910505191 08 JAN 24492164008000038107356","2902.6",,"1280739.99"
,"10/01/2024","8400/000 : FNB","24011344008000043763094","Account Payment","76.49 SINCH MAILGUN 4910505191 08 JAN 24011344008000043763094","1480.13",,"1282220.12"
,"12/01/2024","8400/000 : FNB","24015094011000000134802","Account Payment","32.00 BUBBLE STARTE 4910505191 11 JAN 24015094011000000134802","612.48",,"1282832.6"
,"12/01/2024","8400/000 : FNB","74143614011000104304801","Account Payment","3001.45 SHOPIFY 21 4910505225 10 JAN 74143614011000104304801","57355.23",,"1340187.83"
,"12/01/2024","8400/000 : FNB","74987504010001669085044","Account Receipt","99.00 Dan.com 4910505191 08 JAN 74987504010001669085044",,"1799.59","1338388.24"
,"13/01/2024","8400/000 : FNB","24492164011000040970754","Account Payment","42.00 GITHUB INC. 4910505225 11 JAN 24492164011000040970754","803.87",,"1339192.11"
,"13/01/2024","8400/000 : FNB","74838424011100962651915","Account Payment","546.25 INTUIT QBoo 4910505225 11 JAN 74838424011100962651915","546.25",,"1339738.36"
,"13/01/2024","8400/000 : FNB","74838424011100962651832","Account Payment","408.25 INTUIT QBoo 4910505225 11 JAN 74838424011100962651832","408.25",,"1340146.61"
,"13/01/2024","8400/000 : FNB","24492164011000041501145","Account Payment","189.00 GITHUB INC. 4910505225 11 JAN 24492164011000041501145","3617.44",,"1343764.05"
,"13/01/2024","8400/000 : FNB","24492164011000041888914","Account Payment","42.00 GITHUB INC. 4910505225 11 JAN 24492164011000041888914","803.87",,"1344567.92"
,"15/01/2024","8400/000 : FNB","24492164012000045584443","Account Payment","15.00 TABNINE 4910505191 12 JAN 24492164012000045584443","287.07",,"1344854.99"
,"16/01/2024","8400/000 : FNB","74838424013102743278487","Account Payment","129.08 INTUIT QBoo 4910505225 13 JAN 74838424013102743278487","129.08",,"1344984.07"
,"16/01/2024","8400/000 : FNB","74083424013000010576785","Account Payment","100.00 OBSIDIAN.MD 4910505191 13 JAN 74083424013000010576785","1908.5",,"1346892.57"
,"16/01/2024","8400/000 : FNB","74083424014000009557845","Account Payment","129.00 LOOKA LOGO M 4910505191 14 JAN 74083424014000009557845","2461.96",,"1349354.53"
,"16/01/2024","8400/000 : FNB","74083424014000009938532","Account Payment","129.00 LOOKA LOGO M 4910505191 14 JAN 74083424014000009938532","2461.96",,"1351816.49"
,"16/01/2024","8400/000 : FNB","74083424014000009972150","Account Payment","129.00 LOOKA LOGO M 4910505191 14 JAN 74083424014000009972150","2461.96",,"1354278.45"
,"16/01/2024","8400/000 : FNB","74247284013820124748850","Account Payment","180.00 AGENCYANALYT 4910505225 13 JAN 74247284013820124748850","3435.3",,"1357713.75"
,"16/01/2024","8400/000 : FNB","24492164014000035005696","Account Payment","14.00 GITHUB INC. 4910505225 14 JAN 24492164014000035005696","267.19",,"1357980.94"
,"17/01/2024","8400/000 : FNB","24492164015000042455719","Account Payment","18.96 GITHUB INC. 4910505225 15 JAN 24492164015000042455719","361.86",,"1358342.8"
,"17/01/2024","8400/000 : FNB","74592724015259563969814","Account Payment","1231.75 Paypro 4480 4910505191 15 JAN 74592724015259563969814","1231.75",,"1359574.55"
,"17/01/2024","8400/000 : FNB","74609054015000008178915","Account Payment","217.59 SLACK T0MN3D 4910505225 15 JAN 74609054015000008178915","4152.71",,"1363727.26"
,"18/01/2024","8400/000 : FNB","74143614017000106601133","Account Payment","74.75 SHOPIFY 2129 4910505225 16 JAN 74143614017000106601133","1427.63",,"1365154.89"
,"18/01/2024","8400/000 : FNB","24011344016000040346026","Account Payment","279.00 TRIPLE WHALE 4910505191 16 JAN 24011344016000040346026","5328.55",,"1370483.44"
,"18/01/2024","8400/000 : FNB","74796314017000300035085","Account Payment","5439.50 MSFT 3cE0 4910505225 17 JAN 74796314017000300035085","5439.5",,"1375922.94"
,"18/01/2024","8400/000 : FNB","74796314017000600005036","Account Payment","26415.96 MSFT E07 4910505225 17 JAN 74796314017000600005036","26415.96",,"1402338.9"
,"22/01/2024","8400/000 : FNB","74838424019107064577791","Account Payment","546.25 INTUIT QBoo 4910505225 19 JAN 74838424019107064577791","546.25",,"1402885.15"
,"22/01/2024","8400/000 : FNB","74838424019107060993901","Account Payment","546.25 INTUIT QBoo 4910505225 19 JAN 74838424019107060993901","546.25",,"1403431.4"
,"22/01/2024","8400/000 : FNB","74838424019107064577783","Account Payment","264.50 INTUIT QBoo 4910505225 19 JAN 74838424019107064577783","264.5",,"1403695.9"
,"22/01/2024","8400/000 : FNB","24492164019000025130129","Account Payment","59.00 GREENBACK.COM 4910505225 19 JAN 24492164019000025130129","1151.41",,"1404847.31"
,"22/01/2024","8400/000 : FNB","74838424019107058650455","Account Payment","546.25 INTUIT QBoo 4910505225 19 JAN 74838424019107058650455","546.25",,"1405393.56"
,"23/01/2024","8400/000 : FNB","24015094021000000131392","Account Payment","54.00 AIRTABLE.COM 4910505191 21 JAN 24015094021000000131392","1051.86",,"1406445.42"
,"23/01/2024","8400/000 : FNB","24492164020000046934753","Account Payment","20.00 REPLIT INC. 4910505225 20 JAN 24492164020000046934753","389.58",,"1406835"
,"25/01/2024","8400/000 : FNB","74987504024000007024081","Account Payment","1124.99 LinkedIn SN 4910505191 24 JAN 74987504024000007024081","1124.99",,"1407959.99"
,"25/01/2024","8400/000 : FNB","24692164023100518376940","Account Payment","68.86 DNHDOMAINHO 4910505225 23 JAN 24692164023100518376940","1351.63",,"1409311.62"
,"25/01/2024","8400/000 : FNB","24906414023192076779905","Account Payment","2355.25 DNHDOMAIN 4910505225 23 JAN 24906414023192076779905","46187.41",,"1455499.03"
,"25/01/2024","8400/000 : FNB","74609054023000015007453","Account Payment","13.41 HOLASPIRIT 4910505225 23 JAN 74609054023000015007453","286.31",,"1455785.34"
,"25/01/2024","8400/000 : FNB","74609054024000002515756","Account Payment","54.35 SLACK T1AS3LC 4910505191 24 JAN 74609054024000002515756","1066.82",,"1456852.16"
,"26/01/2024","8400/000 : FNB","74987504024001399315038","Account Payment","13.79 Dropbox 19JK5 4910505191 24 JAN 74987504024001399315038","270.68",,"1457122.84"
,"26/01/2024","8400/000 : FNB","74987504024001399993032","Account Payment","4.59 Dropbox VVT842 4910505191 24 JAN 74987504024001399993032","90.1",,"1457212.94"
,"26/01/2024","8400/000 : FNB","74609054025000003478672","Account Payment","376.40 HOLASPIRIT 4910505225 25 JAN 74609054025000003478672","7959.25",,"1465172.19"
,"26/01/2024","8400/000 : FNB","74609054025000003561378","Account Payment","231.95 HOLASPIRIT 4910505225 25 JAN 74609054025000003561378","4904.75",,"1470076.94"
,"28/01/2024","STOCK2SHOP (PTY) LTD","WWI31231","Supplier Invoice","3300/020 : Computer - Platforms","2219",,"1472295.94"
,"29/01/2024","8400/000 : FNB","74208474026000009938111","Account Payment","358.80 ENDOLE.CO.UK 4910505191 26 JAN 74208474026000009938111","8825.44",,"1481121.38"
,"30/01/2024","8400/000 : FNB","74143614029001065900371","Account Payment","2828.92 SHOPIFY 21 4910505225 27 JAN 74143614029001065900371","54730.97",,"1535852.35"
,"30/01/2024","8400/000 : FNB","74838424028104069507476","Account Payment","546.25 INTUIT QBoo 4910505225 28 JAN 74838424028104069507476","546.25",,"1536398.6"
,"30/01/2024","8400/000 : FNB","74548584028006600000469","Account Payment","httpwww.windeed. 4910505191 26 JAN 74548584028006600000469","1000",,"1537398.6"
,"30/01/2024","8400/000 : FNB","74838424028104069507468","Account Payment","546.25 INTUIT QBoo 4910505225 28 JAN 74838424028104069507468","546.25",,"1537944.85"
,"30/01/2024","8400/000 : FNB","74007484029241542095816","Account Payment","3.00 CBACCleaner P 4910505191 28 JAN 74007484029241542095816","3",,"1537947.85"
,"30/01/2024","8400/000 : FNB","74838424027103578066215","Account Payment","8.99 GOOGLE Google 4910505191 27 JAN 74838424027103578066215","8.99",,"1537956.84"
,"31/01/2024","8400/000 : FNB","24011344030000011144477","Account Payment","141.99 CANVA I0404 4910505225 30 JAN 24011344030000011144477","141.99",,"1538098.83"
,"31/01/2024","8400/000 : FNB","STOCK 2 SHOP","Account Payment","FNB OB 000000047 STOCK 2 SHOP STOCK 2 SHOP","2551.65",,"1540650.48"
,"31/01/2024","8400/000 : FNB","24011344029000028639900","Account Payment","5050.80 FRESHWORKS 4910505225 29 JAN 24011344029000028639900","5050.8",,"1545701.28"
,"01/02/2024",,"SADJ0000037","Supplier Adjustment",,,"54730.97","1490970.31"
,"01/02/2024",,"SADJ0000036","Supplier Adjustment",,"205651.94",,"1696622.25"
,"01/02/2024","8400/000 : FNB","74208474030000013496282","Account Payment","119.94 CLINICSOFTWA 4910505225 30 JAN 74208474030000013496282","2934.35",,"1699556.6"
,"01/02/2024","8400/000 : FNB","74922134030037009987648","Account Payment","BOB PAY 4910505191 29 JAN 74922134030037009987648","4597.7",,"1704154.3"
,"03/02/2024","8400/000 : FNB","74083424032000001578060","Account Payment","47.52 OBSIDIAN.MD 4910505191 01 FEB 74083424032000001578060","913.97",,"1705068.27"
,"03/02/2024","8400/000 : FNB","24168884031106717957982","Account Payment","40090.81 DNHGODADD 4910505191 31 JAN 24168884031106717957982","40090.81",,"1745159.08"
,"03/02/2024","8400/000 : FNB","24492154031745520260731","Account Payment","182.85 WIX.COM 4910505191 31 JAN 24492154031745520260731","3530.52",,"1748689.6"
,"03/02/2024","8400/000 : FNB","74083424032000001824910","Account Payment","100.00 OBSIDIAN.MD 4910505191 01 FEB 74083424032000001824910","1923.33",,"1750612.93"
,"03/02/2024","8400/000 : FNB","74609054031000004906939","Account Payment","34.50 SLACK T06A3T4 4910505191 31 JAN 74609054031000004906939","666.13",,"1751279.06"
,"03/02/2024","8400/000 : FNB","74838424031106270996419","Account Payment","546.25 INTUIT QBoo 4910505225 31 JAN 74838424031106270996419","546.25",,"1751825.31"
,"03/02/2024","8400/000 : FNB","74143614032000061709351","Account Payment","408.92 FACEBK 27YJ 4910505191 31 JAN 74143614032000061709351","408.92",,"1752234.23"
,"05/02/2024","8400/000 : FNB","74697694033920047198539","Account Payment","153.09 GOOGLEGSUIT 4910505225 01 FEB 74697694033920047198539","3192.44",,"1755426.67"
,"05/02/2024","8400/000 : FNB","74796314032001132217041","Account Payment","158.65 GSUITE_regim 4910505225 01 FEB 74796314032001132217041","3051.36",,"1758478.03"
,"05/02/2024","8400/000 : FNB","24011344032000065788508","Account Payment","99.00 SINCH MAILGUN 4910505191 01 FEB 24011344032000065788508","1904.1",,"1760382.13"
,"05/02/2024","8400/000 : FNB","74697694033920047412138","Account Payment","44.14 GOOGLEGSUITE 4910505225 01 FEB 74697694033920047412138","920.47",,"1761302.6"
,"05/02/2024","8400/000 : FNB","74697694033920043340416","Account Payment","39.82 GOOGLEGSUITE 4910505191 01 FEB 74697694033920043340416","830.38",,"1762132.98"
,"05/02/2024","8400/000 : FNB","74796314032001164076042","Account Payment","29.81 GSUITE_zone.m 4910505191 01 FEB 74796314032001164076042","573.34",,"1762706.32"
,"05/02/2024","8400/000 : FNB","74796314032001200131058","Account Payment","4.60 FACEBK FACEBK 4910505191 01 FEB 74796314032001200131058","88.47",,"1762794.79"
,"05/02/2024","8400/000 : FNB","24492164032000040887201","Account Payment","GLASSFROG 4910505191 01 FEB 24492164032000040887201","11.16",,"1762805.95"
,"06/02/2024","8400/000 : FNB","74201334033000007008994","Account Payment","450.00 WAPPALYZER 4910505191 02 FEB 74201334033000007008994","8621.28",,"1771427.23"
,"07/02/2024","8400/000 : FNB","24492164035000017878511","Account Payment","1499.00 APPDIRECT 4910505225 04 FEB 24492164035000017878511","28958.07",,"1800385.3"
,"07/02/2024","8400/000 : FNB","24011344035000018153443","Account Payment","255.22 STABLE 4910505191 04 FEB 24011344035000018153443","4930.4",,"1805315.7"
,"07/02/2024","8400/000 : FNB","74609054035000001412283","Account Payment","99.00 DMNS.APP BUSI 4910505191 03 FEB 74609054035000001412283","1912.51",,"1807228.21"
,"07/02/2024","8400/000 : FNB","74083424035000000730917","Account Payment","60.00 INSOMNIA TEAM 4910505191 03 FEB 74083424035000000730917","1159.1",,"1808387.31"
,"07/02/2024","8400/000 : FNB","24492164035000015173055","Account Payment","4.95 SHELLS.COM 4910505191 04 FEB 24492164035000015173055","95.63",,"1808482.94"
,"09/02/2024","8400/000 : FNB","24492164035000035140423","Account Payment","7.07 GITHUB INC. 4910505225 04 FEB 24492164035000035140423","136.58",,"1808619.52"
,"09/02/2024","8400/000 : FNB","24492164035000034964633","Account Payment","19.00 GITHUB INC. 4910505225 04 FEB 24492164035000034964633","367.05",,"1808986.57"
,"09/02/2024","8400/000 : FNB","74875304036000104427043","Account Payment","999.99 Google Malwa 4910505191 04 FEB 74875304036000104427043","999.99",,"1809986.56"
,"10/02/2024","8400/000 : FNB","74548584037002605009620","Account Payment","SAGE ACC 4910505225 05 FEB 74548584037002605009620","3160",,"1813146.56"
,"10/02/2024","8400/000 : FNB","24492164037000013595083","Account Payment","120.75 MANAGEWP 4910505225 06 FEB 24492164037000013595083","2354.16",,"1815500.72"
,"10/02/2024","8400/000 : FNB","24492164037000013583881","Account Payment","120.75 MANAGEWP 4910505225 06 FEB 24492164037000013583881","2354.16",,"1817854.88"
,"10/02/2024","8400/000 : FNB","24011344037000054336397","Account Payment","20.00 VERCEL INC. 4910505225 06 FEB 24011344037000054336397","389.93",,"1818244.81"
,"10/02/2024","8400/000 : FNB","24011344037000054128513","Account Payment","20.00 VERCEL INC. 4910505225 06 FEB 24011344037000054128513","389.93",,"1818634.74"
,"10/02/2024","8400/000 : FNB","74609054037000007535382","Account Payment","19.99 WOOCOMMERCE S 4910505225 06 FEB 74609054037000007535382","389.73",,"1819024.47"
,"10/02/2024","8400/000 : FNB","24011344037000015928092","Account Payment","15.00 HIGHTAIL 4910505191 06 FEB 24011344037000015928092","292.44",,"1819316.91"
,"10/02/2024","8400/000 : FNB","24000774038000001970231","Account Payment","780.00 ACQUIRE.COM 4910505191 07 FEB 24000774038000001970231","15215.9",,"1834532.81"
,"10/02/2024","8400/000 : FNB","74208474038000010035648","Account Payment","3.60 GETADDRESS.IO 4910505225 07 FEB 74208474038000010035648","88.21",,"1834621.02"
,"12/02/2024","8400/000 : FNB","24492164039000000120240","Account Payment","99.00 MIOSALON.COM 4910505225 07 FEB 24492164039000000120240","1931.25",,"1836552.27"
,"12/02/2024","8400/000 : FNB","24492164039000000089809","Account Payment","99.00 MIOSALON.COM 4910505225 07 FEB 24492164039000000089809","1931.25",,"1838483.52"
,"12/02/2024","8400/000 : FNB","74838424038101897303720","Account Payment","546.25 INTUIT QBoo 4910505225 07 FEB 74838424038101897303720","546.25",,"1839029.77"
,"12/02/2024","8400/000 : FNB","74579164038590707965642","Account Payment","34288.64 BLSCHOCOL 4910505191 06 FEB 74579164038590707965642","34288.64",,"1873318.41"
,"13/02/2024","8400/000 : FNB","24492164039000040969036","Account Payment","150.00 AUTH0.COM 4910505191 08 FEB 24492164039000040969036","2899.15",,"1876217.56"
,"13/02/2024","8400/000 : FNB","74143254040000001860434","Account Payment","49.00 SKRAPP.IO STA 4910505191 09 FEB 74143254040000001860434","950.11",,"1877167.67"
,"13/02/2024","8400/000 : FNB","74201334039000004336434","Account Payment","384.00 KRISPCALL 4910505191 08 FEB 74201334039000004336434","7421.83",,"1884589.5"
,"13/02/2024","8400/000 : FNB","24011344039000048744597","Account Payment","26.31 SINCH MAILGUN 4910505191 08 FEB 24011344039000048744597","508.51",,"1885098.01"
,"13/02/2024","8400/000 : FNB","74201334039000004502217","Account Payment","6.00 KRISPCALL 4910505191 08 FEB 74201334039000004502217","115.96",,"1885213.97"
,"13/02/2024","8400/000 : FNB","24021214039010041919404","Account Payment","171.35 PADDLE.NETD 4910505191 08 FEB 24021214039010041919404","3311.8",,"1888525.77"
,"13/02/2024","8400/000 : FNB","24011344040000048361522","Account Payment","468.00 APOLLO.IO 4910505191 09 FEB 24011344040000048361522","9074.51",,"1897600.28"
,"14/02/2024","8400/000 : FNB","24492164042000035572451","Account Payment","63.00 GITHUB INC. 4910505225 11 FEB 24492164042000035572451","1225.99",,"1898826.27"
,"14/02/2024","8400/000 : FNB","24492164042000035286326","Account Payment","42.00 GITHUB INC. 4910505225 11 FEB 24492164042000035286326","817.33",,"1899643.6"
,"14/02/2024","8400/000 : FNB","24492164042000017185207","Account Payment","32.00 BUBBLE STARTE 4910505191 11 FEB 24492164042000017185207","622.72",,"1900266.32"
,"14/02/2024","8400/000 : FNB","74838424042102160226972","Account Payment","546.25 INTUIT QBoo 4910505225 11 FEB 74838424042102160226972","546.25",,"1900812.57"
,"14/02/2024","8400/000 : FNB","74838424042102160226931","Account Payment","546.25 INTUIT QBoo 4910505225 11 FEB 74838424042102160226931","546.25",,"1901358.82"
,"14/02/2024","8400/000 : FNB","74143614043001012270615","Account Payment","3001.45 SHOPIFY 21 4910505225 10 FEB 74143614043001012270615","58408.68",,"1959767.5"
,"14/02/2024","8400/000 : FNB","24492164042000035462356","Account Payment","189.00 GITHUB INC. 4910505225 11 FEB 24492164042000035462356","3677.97",,"1963445.47"
,"14/02/2024","8400/000 : FNB","24011344042000019006187","Account Payment","99.00 DYNAMIC.XYZ 4910505191 11 FEB 24011344042000019006187","1926.56",,"1965372.03"
,"14/02/2024","8400/000 : FNB","74020024039151248839208","Account Payment","79.00 IKOCHAP AGENC 4910505191 08 FEB 74020024039151248839208","1526.89",,"1966898.92"
,"15/02/2024","8400/000 : FNB","74247284044820122677377","Account Payment","180.00 AGENCYANALYT 4910505225 13 FEB 74247284044820122677377","3504.26",,"1970403.18"
,"15/02/2024","8400/000 : FNB","24492164043000038323117","Account Payment","15.00 TABNINE 4910505191 12 FEB 24492164043000038323117","291.9",,"1970695.08"
,"16/02/2024","8400/000 : FNB","74143614046000099291038","Account Payment","2058.98 SHOPIFY 21 4910505191 14 FEB 74143614046000099291038","40303.52",,"2010998.6"
,"16/02/2024","8400/000 : FNB","74987504046000557294088","Account Payment","11999.88 LinkedIn S 4910505191 15 FEB 74987504046000557294088","11999.88",,"2022998.48"
,"16/02/2024","8400/000 : FNB","24011344045000053094906","Account Payment","461.44 APOLLO.IO 4910505191 14 FEB 24011344045000053094906","9032.46",,"2032030.94"
,"16/02/2024","8400/000 : FNB","24492164045000046962425","Account Payment","280.00 WIZA.CO 4910505191 14 FEB 24492164045000046962425","5480.86",,"2037511.8"
,"16/02/2024","8400/000 : FNB","24492164045000039371873","Account Payment","14.00 GITHUB INC. 4910505225 14 FEB 24492164045000039371873","274.04",,"2037785.84"
,"16/02/2024","8400/000 : FNB","74201334045000005495405","Account Receipt","384.00 KRISPCALL 4910505191 14 FEB 74201334045000005495405",,"7069.94","2030715.9"
,"16/02/2024","8400/000 : FNB","74201334045000005488152","Account Receipt","6.00 KRISPCALL 4910505191 14 FEB 74201334045000005488152",,"110.47","2030605.43"
,"17/02/2024","8400/000 : FNB","74609054046000008692587","Account Payment","259.33 SLACK T0MN3D 4910505225 15 FEB 74609054046000008692587","5080.52",,"2035685.95"
,"17/02/2024","8400/000 : FNB","74143614047000105742130","Account Payment","74.75 SHOPIFY 2173 4910505225 15 FEB 74143614047000105742130","1464.42",,"2037150.37"
,"17/02/2024","8400/000 : FNB","24011344046000026542543","Account Payment","230.40 SQUARESPACE 4910505191 15 FEB 24011344046000026542543","230.4",,"2037380.77"
,"17/02/2024","8400/000 : FNB","24011344046000026541180","Account Payment","230.40 SQUARESPACE 4910505191 15 FEB 24011344046000026541180","230.4",,"2037611.17"
,"19/02/2024","8400/000 : FNB","74796314048000500007085","Account Payment","26415.96 MSFT E07 4910505225 17 FEB 74796314048000500007085","26415.96",,"2064027.13"
,"19/02/2024","8400/000 : FNB","74796314048000500025087","Account Payment","5439.50 MSFT 3cE0 4910505225 17 FEB 74796314048000500025087","5439.5",,"2069466.63"
,"19/02/2024","8400/000 : FNB","24011344047000046688176","Account Payment","279.00 TRIPLE WHALE 4910505191 16 FEB 24011344047000046688176","5434.93",,"2074901.56"
,"19/02/2024","8400/000 : FNB","74424654047112431747992","Account Payment","154.80 www.anydesk. 4910505191 16 FEB 74424654047112431747992","3015.51",,"2077917.07"
,"19/02/2024","8400/000 : FNB","74208474048000000208872","Account Payment","153.75 CLOUDM003916 4910505191 16 FEB 74208474048000000208872","2995.06",,"2080912.13"
,"19/02/2024","8400/000 : FNB","24011344048000012291624","Account Payment","1150.00 SQUARESPACE 4910505191 17 FEB 24011344048000012291624","1150",,"2082062.13"
,"19/02/2024","8400/000 : FNB","74045464048910020000919","Account Payment","10.00 GOOGLEGSUITE 4910505191 16 FEB 74045464048910020000919","245.42",,"2082307.55"
,"19/02/2024","8400/000 : FNB","24011344048000012668078","Account Payment","230.40 SQUARESPACE 4910505191 17 FEB 24011344048000012668078","230.4",,"2082537.95"
,"19/02/2024","8400/000 : FNB","74143614048000060403099","Account Payment","43.70 FACEBK Y76LJ 4910505191 16 FEB 74143614048000060403099","43.7",,"2082581.65"
,"20/02/2024","8400/000 : FNB","24000774050000000984376","Account Payment","276.00 CLOUDFLARE 4910505191 19 FEB 24000774050000000984376","5350.02",,"2087931.67"
,"20/02/2024","8400/000 : FNB","74875304048000907662057","Account Payment","178.68 PipedriveUK 4910505191 17 FEB 74875304048000907662057","4363.89",,"2092295.56"
,"20/02/2024","8400/000 : FNB","24492164050000012206213","Account Payment","100.00 NAMEBIO 4910505191 19 FEB 24492164050000012206213","1938.42",,"2094233.98"
,"20/02/2024","8400/000 : FNB","74208474050000005674404","Account Payment","46.80 ENDOLE.CO.UK 4910505191 19 FEB 74208474050000005674404","1142.99",,"2095376.97"
,"20/02/2024","8400/000 : FNB","24692164049107702566269","Account Payment","55.00 INTUIT QBook 4910505191 18 FEB 24692164049107702566269","1066.12",,"2096443.09"
,"20/02/2024","8400/000 : FNB","24692164049107702566319","Account Payment","45.00 INTUIT QBook 4910505191 18 FEB 24692164049107702566319","872.28",,"2097315.37"
,"20/02/2024","8400/000 : FNB","74143614050000380701615","Account Payment","43.70 FACEBK XMXYD 4910505191 17 FEB 74143614050000380701615","43.7",,"2097359.07"
,"20/02/2024","8400/000 : FNB","74143614050000365561935","Account Payment","43.70 FACEBK R8MR9 4910505191 18 FEB 74143614050000365561935","43.7",,"2097402.77"
,"21/02/2024","8400/000 : FNB","24492164050000021625577","Account Payment","59.00 GREENBACK.COM 4910505225 19 FEB 24492164050000021625577","1143.66",,"2098546.43"
,"21/02/2024","8400/000 : FNB","74838424050108403626067","Account Payment","546.25 INTUIT QBoo 4910505225 19 FEB 74838424050108403626067","546.25",,"2099092.68"
,"21/02/2024","8400/000 : FNB","74838424050108402049535","Account Payment","546.25 INTUIT QBoo 4910505225 19 FEB 74838424050108402049535","546.25",,"2099638.93"
,"21/02/2024","8400/000 : FNB","74838424050108397927257","Account Payment","546.25 INTUIT QBoo 4910505225 19 FEB 74838424050108397927257","546.25",,"2100185.18"
,"21/02/2024","8400/000 : FNB","74838424050108403626083","Account Payment","264.50 INTUIT QBoo 4910505225 19 FEB 74838424050108403626083","264.5",,"2100449.68"
,"21/02/2024","8400/000 : FNB","74143614051000835931048","Account Payment","69.00 FACEBK MRG3N 4910505191 19 FEB 74143614051000835931048","69",,"2100518.68"
,"21/02/2024","8400/000 : FNB","74143614051000061063565","Account Payment","46.00 FACEBK 5E5AM 4910505191 19 FEB 74143614051000061063565","46",,"2100564.68"
,"22/02/2024","8400/000 : FNB","24492164052000019237052","Account Payment","500.00 STRIPE ATLAS 4910505191 21 FEB 24492164052000019237052","9734.26",,"2110298.94"
,"22/02/2024","8400/000 : FNB","24000774052000002426820","Account Payment","54.00 AIRTABLE.COM 4910505191 21 FEB 24000774052000002426820","1051.3",,"2111350.24"
,"22/02/2024","8400/000 : FNB","24492164051000044220983","Account Payment","20.00 REPLIT INC. 4910505225 20 FEB 24492164051000044220983","387.89",,"2111738.13"
,"23/02/2024","8400/000 : FNB","74922134052037200006712","Account Payment","BOB PAY 4910505191 18 FEB 74922134052037200006712","5548.95",,"2117287.08"
,"23/02/2024","8400/000 : FNB","74143614053000072471623","Account Payment","115.00 FACEBK E38S 4910505191 21 FEB 74143614053000072471623","115",,"2117402.08"
,"23/02/2024","8400/000 : FNB","24011344052000042375606","Account Payment","134.00 SQUARESPACE 4910505191 21 FEB 24011344052000042375606","134",,"2117536.08"
,"23/02/2024","8400/000 : FNB","74922134052037200007777","Account Payment","BOB GROUP 4910505191 18 FEB 74922134052037200007777","2298.85",,"2119834.93"
,"23/02/2024","8400/000 : FNB","74922134052037200007868","Account Payment","BOB GROUP 4910505191 18 FEB 74922134052037200007868","2298.85",,"2122133.78"
,"24/02/2024","8400/000 : FNB","74609054054000003878339","Account Payment","49.00 BUYMICROSTART 4910505191 23 FEB 74609054054000003878339","959.49",,"2123093.27"
,"24/02/2024","8400/000 : FNB","24011344054000023816519","Account Payment","199.00 TINYACQUISIT 4910505191 23 FEB 24011344054000023816519","3896.71",,"2126989.98"
,"24/02/2024","8400/000 : FNB","74609054053000014574985","Account Payment","299.00 TIME IS LTD 4910505191 22 FEB 74609054053000014574985","5787.5",,"2132777.48"
,"26/02/2024","8400/000 : FNB","74609054054000005662491","Account Payment","17.25 SLACK T1AS3LC 4910505191 23 FEB 74609054054000005662491","337.78",,"2133115.26"
,"26/02/2024","8400/000 : FNB","74143614055000063122498","Account Payment","690.00 FACEBK WFZU 4910505191 23 FEB 74143614055000063122498","690",,"2133805.26"
,"26/02/2024","8400/000 : FNB","74987504055000109097086","Account Payment","1124.99 LinkedIn SN 4910505191 24 FEB 74987504055000109097086","1124.99",,"2134930.25"
,"27/02/2024","8400/000 : FNB","74143614057000946822056","Account Payment","172.50 FACEBK EX69 4910505191 24 FEB 74143614057000946822056","172.5",,"2135102.75"
,"27/02/2024","8400/000 : FNB","74987504055001724880039","Account Payment","18.38 Dropbox TFXKT 4910505191 24 FEB 74987504055001724880039","363.69",,"2135466.44"
,"27/02/2024","8400/000 : FNB","24011344055000049913570","Account Payment","34.12 WWW.MAKE.COM 4910505191 24 FEB 24011344055000049913570","675.15",,"2136141.59"
,"27/02/2024","8400/000 : FNB","24492164057000017465023","Account Payment","89.00 WHOISXMLAPI 4910505191 26 FEB 24492164057000017465023","1761.08",,"2137902.67"
,"27/02/2024","8400/000 : FNB","74609054056000003747532","Account Payment","231.95 HOLASPIRIT 4910505225 25 FEB 74609054056000003747532","4964.51",,"2142867.18"
,"27/02/2024","8400/000 : FNB","74609054056000003662814","Account Payment","376.40 HOLASPIRIT 4910505225 25 FEB 74609054056000003662814","8056.24",,"2150923.42"
,"27/02/2024","8400/000 : FNB","24492164056000042194011","Account Payment","1119.00 SAPIEN TECH 4910505191 25 FEB 24492164056000042194011","22142.17",,"2173065.59"
,"28/02/2024","8400/000 : FNB","74143614058000062527827","Account Payment","128.56 FACEBK 7R5D 4910505191 26 FEB 74143614058000062527827","128.56",,"2173194.15"
,"28/02/2024","STOCK2SHOP (PTY) LTD","WWI31271","Supplier Invoice","3300/020 : Computer - Platforms","2413.4",,"2175607.55"
,"29/02/2024","8400/000 : FNB","74143614059000100218792","Account Payment","2650.74 SHOPIFY 21 4910505225 27 FEB 74143614059000100218792","52361.11",,"2227968.66"
,"29/02/2024","8400/000 : FNB","STOCK 2 SHOP","Account Payment","FNB OB 000000063 STOCK 2 SHOP STOCK 2 SHOP","5327.26",,"2233295.92"
,"29/02/2024","8400/000 : FNB","74143254058000002197033","Account Payment","48.00 MATHCHA 4910505191 27 FEB 74143254058000002197033","948.16",,"2234244.08"
,"29/02/2024","8400/000 : FNB","74875304058001293064046","Account Payment","8.99 Google Storage 4910505191 26 FEB 74875304058001293064046","8.99",,"2234253.07"
,"29/02/2024","8400/000 : FNB","Agency Analytics","Account Payment","Agency ANalytics","3487.76",,"2237740.83"
"3300/020 : Computer - Platforms","Closing Balance as at: 29/02/2024",,,,,"2237740.83",,
,"Movement for the period",,,,,"2237740.83",,