sep=,
"Account Description","Account Date","Bank / Customer / Supplier","Reference","Transaction Type","Description","Debit","Credit","Balance"
"3300/020 : Computer - Platforms",,,,,,,
"3300/020 : Computer - Platforms","Opening Balance as at: 01/03/2024",,,,,"0",,
,"01/03/2024","8400/000 : FNB","74838424059105627089966","Account Payment","546.25 INTUIT QBoo 4910505225 28 FEB 74838424059105627089966","546.25",,"546.25"
,"01/03/2024","8400/000 : FNB","74838424059105627089958","Account Payment","546.25 INTUIT QBoo 4910505225 28 FEB 74838424059105627089958","546.25",,"1092.5"
,"01/03/2024","8400/000 : FNB","24011344060000013555616","Account Payment","141.99 CANVA I0407 4910505225 29 FEB 24011344060000013555616","141.99",,"1234.49"
,"01/03/2024","8400/000 : FNB","24492154060715485858617","Account Payment","182.85 WIX.COM 4910505191 29 FEB 24492154060715485858617","3605.29",,"4839.78"
,"01/03/2024","8400/000 : FNB","74007484060245460213921","Account Payment","6338.80 CBAMindjet 4910505191 28 FEB 74007484060245460213921","6338.8",,"11178.58"
,"02/03/2024","8400/000 : FNB","74389244060000000034543","Account Payment","39.56 FRAPPE CLOUD 4910505191 29 FEB 74389244060000000034543","780.01",,"11958.59"
,"02/03/2024","8400/000 : FNB","74143614061000065948652","Account Payment","606.30 FACEBK 7L8R 4910505191 29 FEB 74143614061000065948652","606.3",,"12564.89"
,"02/03/2024","8400/000 : FNB","74143614061000065086818","Account Payment","230.00 FACEBK 6YHQ 4910505191 29 FEB 74143614061000065086818","230",,"12794.89"
,"04/03/2024","8400/000 : FNB","74697694062920050377883","Account Payment","48.24 GOOGLEGSUITE 4910505225 01 MAR 74697694062920050377883","1031.76",,"13826.65"
,"04/03/2024","8400/000 : FNB","74796314061000800649059","Account Payment","18.40 FACEBK FACEB 4910505191 01 MAR 74796314061000800649059","362.9",,"14189.55"
,"04/03/2024","8400/000 : FNB","24011344061000080872109","Account Payment","29.00 ECM A LEGALZ 4910505191 01 MAR 24011344061000080872109","571.95",,"14761.5"
,"04/03/2024","8400/000 : FNB","24492164061000052396848","Account Payment","6.00 GLASSFROG 4910505191 01 MAR 24492164061000052396848","118.34",,"14879.84"
,"04/03/2024","8400/000 : FNB","74697694062920040509553","Account Payment","39.82 GOOGLEGSUITE 4910505191 01 MAR 74697694062920040509553","851.67",,"15731.51"
,"04/03/2024","8400/000 : FNB","74838424061107522512007","Account Payment","546.25 INTUIT QBoo 4910505225 01 MAR 74838424061107522512007","546.25",,"16277.76"
,"04/03/2024","8400/000 : FNB","24011344062000021572346","Account Payment","134.00 SINCH MAILGU 4910505191 02 MAR 24011344062000021572346","2631.58",,"18909.34"
,"04/03/2024","8400/000 : FNB","24011344061000044082902","Account Payment","1013.36 CANVA I040 4910505225 01 MAR 24011344061000044082902","1013.36",,"19922.7"
,"04/03/2024","8400/000 : FNB","74697694062920050389193","Account Payment","376.03 GOOGLEGSUIT 4910505225 01 MAR 74697694062920050389193","8042.56",,"27965.26"
,"04/03/2024","8400/000 : FNB","74697694062920040656727","Account Payment","29.81 GOOGLEGSUITE 4910505191 01 MAR 74697694062920040656727","587.94",,"28553.2"
,"04/03/2024","8400/000 : FNB","74796314061000900663042","Account Payment","18.40 FACEBK FACEB 4910505191 01 MAR 74796314061000900663042","362.9",,"28916.1"
,"04/03/2024","8400/000 : FNB","74609054061000011136978","Account Payment","4.76 SLACK T06A3T45 4910505191 01 MAR 74609054061000011136978","93.88",,"29009.98"
,"04/03/2024","8400/000 : FNB","74796314061000100531064","Account Payment","9.20 FACEBK FACEBK 4910505191 01 MAR 74796314061000100531064","181.45",,"29191.43"
,"05/03/2024","8400/000 : FNB","24492164064000018168114","Account Payment","1499.00 APPDIRECT 4910505225 04 MAR 24492164064000018168114","29438.33",,"58629.76"
,"05/03/2024","8400/000 : FNB","74201334062000006852834","Account Payment","450.00 WAPPALYZER 4910505191 02 MAR 74201334062000006852834","8837.39",,"67467.15"
,"05/03/2024","8400/000 : FNB","24011344064000021451309","Account Payment","279.96 STABLE 4910505191 04 MAR 24011344064000021451309","5498.03",,"72965.18"
,"05/03/2024","8400/000 : FNB","24011344063000051930645","Account Payment","143.20 MOZSEOHELP@ 4910505191 03 MAR 24011344063000051930645","2812.25",,"75777.43"
,"05/03/2024","8400/000 : FNB","74609054064000003356698","Account Payment","99.00 DMNS.APP BUSI 4910505191 04 MAR 74609054064000003356698","1944.22",,"77721.65"
,"05/03/2024","8400/000 : FNB","24011344063000021249241","Account Payment","95.00 10WEB.IO 4910505191 03 MAR 24011344063000021249241","1865.67",,"79587.32"
,"05/03/2024","8400/000 : FNB","74083424064000001286624","Account Payment","60.00 INSOMNIA TEAM 4910505191 03 MAR 74083424064000001286624","1178.31",,"80765.63"
,"05/03/2024","8400/000 : FNB","24492164064000015524384","Account Payment","4.95 SHELLS.COM 4910505191 04 MAR 24492164064000015524384","97.22",,"80862.85"
,"05/03/2024","8400/000 : FNB","24000774064000000318660","Account Payment","3.97 CLOUDFLARE 4910505191 04 MAR 24000774064000000318660","77.97",,"80940.82"
,"05/03/2024","8400/000 : FNB","24492164062000046984922","Account Payment","1.00 VIRTONOMICS SI 4910505191 02 MAR 24492164062000046984922","19.64",,"80960.46"
,"06/03/2024","8400/000 : FNB","74143614065000103931617","Account Payment","2058.98 SHOPIFY 21 4910505191 04 MAR 74143614065000103931617","40435.58",,"121396.04"
,"06/03/2024","8400/000 : FNB","24011344064000053161727","Account Payment","329.00 TRIPLE WHALE 4910505191 04 MAR 24011344064000053161727","6461.12",,"127857.16"
,"06/03/2024","8400/000 : FNB","24492164065000019699595","Account Payment","120.75 MANAGEWP 4910505225 05 MAR 24492164065000019699595","2356.63",,"130213.79"
,"06/03/2024","8400/000 : FNB","24492164065000019693515","Account Payment","120.75 MANAGEWP 4910505225 05 MAR 24492164065000019693515","2356.63",,"132570.42"
,"06/03/2024","8400/000 : FNB","74601004064409070916123","Account Payment","408.94 MSFT E0700 4910505225 04 MAR 74601004064409070916123","408.94",,"132979.36"
,"06/03/2024","8400/000 : FNB","24492164064000040025142","Account Payment","19.00 GITHUB INC. 4910505225 04 MAR 24492164064000040025142","373.14",,"133352.5"
,"06/03/2024","8400/000 : FNB","24492164064000040200984","Account Payment","6.35 GITHUB INC. 4910505225 04 MAR 24492164064000040200984","124.71",,"133477.21"
,"06/03/2024","8400/000 : FNB","74548584065002707023227","Account Payment","SAGE ACC 4910505225 04 MAR 74548584065002707023227","3160",,"136637.21"
,"07/03/2024","8400/000 : FNB","74143614066000066921505","Account Payment","345.00 FACEBK PQPU 4910505191 05 MAR 74143614066000066921505","345",,"136982.21"
,"07/03/2024","8400/000 : FNB","74007484066246184341240","Account Payment","77.05 CBAPlesk 4910505191 05 MAR 74007484066246184341240","1503.76",,"138485.97"
,"07/03/2024","8400/000 : FNB","24011344066000018908756","Account Payment","15.00 HIGHTAIL 4910505191 06 MAR 24011344066000018908756","292.32",,"138778.29"
,"08/03/2024","8400/000 : FNB","74987504066000113233021","Account Payment","690.00 FACEBK HABDX 4910505191 06 MAR 74987504066000113233021","690",,"139468.29"
,"08/03/2024","8400/000 : FNB","24011344066000058714502","Account Payment","20.00 VERCEL INC. 4910505225 06 MAR 24011344066000058714502","389.76",,"139858.05"
,"08/03/2024","8400/000 : FNB","24011344066000058567868","Account Payment","20.00 VERCEL INC. 4910505225 06 MAR 24011344066000058567868","389.76",,"140247.81"
,"08/03/2024","8400/000 : FNB","74609054066000010244273","Account Payment","19.99 WOOCOMMERCE S 4910505225 06 MAR 74609054066000010244273","389.56",,"140637.37"
,"08/03/2024","8400/000 : FNB","24492164067000013899736","Account Payment","7.00 NPM INC. 4910505191 07 MAR 24492164067000013899736","135.72",,"140773.09"
,"08/03/2024","8400/000 : FNB","24492164067000013874242","Account Payment","7.00 NPM INC. 4910505191 07 MAR 24492164067000013874242","135.72",,"140908.81"
,"08/03/2024","8400/000 : FNB","24492164067000013837579","Account Payment","7.00 NPM INC. 4910505191 07 MAR 24492164067000013837579","135.72",,"141044.53"
,"08/03/2024","8400/000 : FNB","24492164067000013620108","Account Payment","7.00 NPM INC. 4910505191 07 MAR 24492164067000013620108","135.72",,"141180.25"
,"08/03/2024","8400/000 : FNB","74208474067000011542216","Account Payment","3.60 GETADDRESS.IO 4910505225 07 MAR 74208474067000011542216","88.94",,"141269.19"
,"09/03/2024","8400/000 : FNB","24021214068012609863853","Account Payment","171.35 PADDLE.NETD 4910505191 08 MAR 24021214068012609863853","3299.63",,"144568.82"
,"09/03/2024","8400/000 : FNB","24492164068000000097293","Account Payment","99.00 MIOSALON.COM 4910505225 07 MAR 24492164068000000097293","1919.49",,"146488.31"
,"09/03/2024","8400/000 : FNB","24492164068000000067155","Account Payment","99.00 MIOSALON.COM 4910505225 07 MAR 24492164068000000067155","1919.49",,"148407.8"
,"09/03/2024","8400/000 : FNB","24000774068000003905741","Account Payment","28.75 CLOUDFLARE 4910505191 08 MAR 24000774068000003905741","553.63",,"148961.43"
,"09/03/2024","8400/000 : FNB","74838424067102485556160","Account Payment","546.25 INTUIT QBoo 4910505225 07 MAR 74838424067102485556160","546.25",,"149507.68"
,"11/03/2024","8400/000 : FNB","24492164068000042875680","Account Payment","150.00 AUTH0.COM 4910505191 08 MAR 24492164068000042875680","2888.5",,"152396.18"
,"11/03/2024","8400/000 : FNB","24492164068000050171345","Account Payment","25.00 NOTION LABS 4910505191 08 MAR 24492164068000050171345","481.42",,"152877.6"
,"12/03/2024","8400/000 : FNB","74143254069000002269557","Account Payment","49.00 SKRAPP.IO STA 4910505191 09 MAR 74143254069000002269557","938.57",,"153816.17"
,"12/03/2024","8400/000 : FNB","24492164071000014844255","Account Payment","32.00 BUBBLE STARTE 4910505191 11 MAR 24492164071000014844255","612.94",,"154429.11"
,"12/03/2024","8400/000 : FNB","24492164070000012421230","Account Payment","25.00 NOTION LABS 4910505191 10 MAR 24492164070000012421230","478.86",,"154907.97"
,"12/03/2024","8400/000 : FNB","74143614071000933531282","Account Payment","345.00 FACEBK 7HE7 4910505191 10 MAR 74143614071000933531282","345",,"155252.97"
,"12/03/2024","8400/000 : FNB","24492164070000021571728","Account Payment","9.90 NOTION LABS I 4910505191 10 MAR 24492164070000021571728","189.63",,"155442.6"
,"12/03/2024","8400/000 : FNB","74143614071001100127565","Account Payment","3001.45 SHOPIFY 22 4910505225 10 MAR 74143614071001100127565","57491.16",,"212933.76"
,"12/03/2024","8400/000 : FNB","24011344071000019609364","Account Payment","99.00 DYNAMIC.XYZ 4910505191 11 MAR 24011344071000019609364","1896.29",,"214830.05"
,"13/03/2024","8400/000 : FNB","24492164071000034375397","Account Payment","189.00 GITHUB INC. 4910505225 11 MAR 24492164071000034375397","3620.19",,"218450.24"
,"13/03/2024","8400/000 : FNB","24492164071000034485832","Account Payment","63.00 GITHUB INC. 4910505225 11 MAR 24492164071000034485832","1206.73",,"219656.97"
,"13/03/2024","8400/000 : FNB","24492164071000034120397","Account Payment","42.00 GITHUB INC. 4910505225 11 MAR 24492164071000034120397","804.48",,"220461.45"
,"13/03/2024","8400/000 : FNB","74838424071105795137153","Account Payment","546.25 INTUIT QBoo 4910505225 11 MAR 74838424071105795137153","546.25",,"221007.7"
,"13/03/2024","8400/000 : FNB","74838424071105795137104","Account Payment","546.25 INTUIT QBoo 4910505225 11 MAR 74838424071105795137104","546.25",,"221553.95"
,"13/03/2024","8400/000 : FNB","24492164072000011883131","Account Payment","25.00 NOTION LABS 4910505191 12 MAR 24492164072000011883131","481.07",,"222035.02"
,"14/03/2024","8400/000 : FNB","24492164072000036530576","Account Payment","15.00 TABNINE 4910505191 12 MAR 24492164072000036530576","288.65",,"222323.67"
,"15/03/2024","8400/000 : FNB","74247284073820125340910","Account Payment","180.00 AGENCYANALYT 4910505225 13 MAR 74247284073820125340910","3448.03",,"225771.7"
,"15/03/2024","8400/000 : FNB","74987504073000909640059","Account Payment","690.00 FACEBK 46U9X 4910505191 13 MAR 74987504073000909640059","690",,"226461.7"
,"16/03/2024","8400/000 : FNB","24000774074000012937117","Account Payment","14.00 GITHUB INC. 4910505225 14 MAR 24000774074000012937117","268.08",,"226729.78"
,"16/03/2024","8400/000 : FNB","24011344075000036948684","Account Payment","23.00 FIGMA MONTHLY 4910505191 15 MAR 24011344075000036948684","441.08",,"227170.86"
,"16/03/2024","8400/000 : FNB","24049454075000001847146","Account Payment","456.00 ANIMA APP I 4910505191 15 MAR 24049454075000001847146","8744.77",,"235915.63"
,"16/03/2024","8400/000 : FNB","24049454075000001781659","Account Payment","456.00 ANIMA APP I 4910505191 15 MAR 24049454075000001781659","8744.77",,"244660.4"
,"16/03/2024","8400/000 : FNB","24011344074000085648251","Account Payment","280.00 WIZA.CO 4910505191 14 MAR 24011344074000085648251","5361.51",,"250021.91"
,"18/03/2024","8400/000 : FNB","74609054075000009646370","Account Payment","3085.00 FRAMER.COM 4910505191 15 MAR 74609054075000009646370","3085",,"253106.91"
,"18/03/2024","8400/000 : FNB","24011344075000058564559","Account Payment","67.85 FIGMA 4910505191 15 MAR 24011344075000058564559","1301.16",,"254408.07"
,"18/03/2024","8400/000 : FNB","74143614076000064800725","Account Payment","345.00 FACEBK T6HS 4910505191 15 MAR 74143614076000064800725","345",,"254753.07"
,"19/03/2024","8400/000 : FNB","74796314077000500007071","Account Payment","26415.96 MSFT E07 4910505225 17 MAR 74796314077000500007071","26415.96",,"281169.03"
,"19/03/2024","8400/000 : FNB","74601004077410313623034","Account Payment","5439.50 MSFT E070 4910505225 17 MAR 74601004077410313623034","5439.5",,"286608.53"
,"19/03/2024","8400/000 : FNB","24011344076000073368803","Account Payment","279.00 TRIPLE WHALE 4910505191 16 MAR 24011344076000073368803","5352.29",,"291960.82"
,"19/03/2024","8400/000 : FNB","74875304077000707584059","Account Payment","178.68 PipedriveUK 4910505191 17 MAR 74875304077000707584059","4365.1",,"296325.92"
,"19/03/2024","8400/000 : FNB","74143614078001022389353","Account Payment","74.75 SHOPIFY 2217 4910505225 16 MAR 74143614078001022389353","1433.99",,"297759.91"
,"19/03/2024","8400/000 : FNB","24011344077000030159336","Account Payment","1150.00 SQUARESPACE 4910505191 17 MAR 24011344077000030159336","1150",,"298909.91"
,"19/03/2024","8400/000 : FNB","24011344078000026247334","Account Payment","9.00 EMMA AI 4910505191 18 MAR 24011344078000026247334","172.66",,"299082.57"
,"20/03/2024","8400/000 : FNB","74609054079000000384050","Account Payment","292.07 SLACK T0MN3D 4910505225 18 MAR 74609054079000000384050","5603.02",,"304685.59"
,"20/03/2024","8400/000 : FNB","24000774079000004218984","Account Payment","100.00 NAMEBIO 4910505191 19 MAR 24000774079000004218984","1938.86",,"306624.45"
,"20/03/2024","8400/000 : FNB","24692164078101485291595","Account Payment","100.00 INTUIT QBoo 4910505191 18 MAR 24692164078101485291595","1918.39",,"308542.84"
,"20/03/2024","8400/000 : FNB","74208474079000006939431","Account Payment","46.80 ENDOLE.CO.UK 4910505191 19 MAR 74208474079000006939431","1154.94",,"309697.78"
,"22/03/2024","8400/000 : FNB","74838424079102248578945","Account Payment","546.25 INTUIT QBoo 4910505225 19 MAR 74838424079102248578945","546.25",,"310244.03"
,"22/03/2024","8400/000 : FNB","74609054079000008092390","Account Payment","15.27 SLACK T4ENT13 4910505225 19 MAR 74609054079000008092390","296.07",,"310540.1"
,"22/03/2024","8400/000 : FNB","74143614081000061810308","Account Payment","345.00 FACEBK KYPB 4910505191 20 MAR 74143614081000061810308","345",,"310885.1"
,"22/03/2024","8400/000 : FNB","74838424079102250113169","Account Payment","546.25 INTUIT QBoo 4910505225 19 MAR 74838424079102250113169","546.25",,"311431.35"
,"22/03/2024","8400/000 : FNB","74838424079102256738613","Account Payment","546.25 INTUIT QBoo 4910505225 19 MAR 74838424079102256738613","546.25",,"311977.6"
,"22/03/2024","8400/000 : FNB","74007484081248316945428","Account Payment","249.00 CBACCleaner 4910505191 20 MAR 74007484081248316945428","249",,"312226.6"
,"22/03/2024","8400/000 : FNB","24011344079000043863732","Account Payment","59.00 GREENBACK.COM 4910505225 19 MAR 24011344079000043863732","1143.92",,"313370.52"
,"22/03/2024","8400/000 : FNB","24492164080000009425598","Account Payment","20.00 REPLIT INC. 4910505225 20 MAR 24492164080000009425598","388.4",,"313758.92"
,"22/03/2024","8400/000 : FNB","74987504080000604031043","Account Payment","690.00 FACEBK S5VK8 4910505191 20 MAR 74987504080000604031043","690",,"314448.92"
,"22/03/2024","8400/000 : FNB","74838424079102256738605","Account Payment","264.50 INTUIT QBoo 4910505225 19 MAR 74838424079102256738605","264.5",,"314713.42"
,"22/03/2024","8400/000 : FNB","24000774081000004898161","Account Payment","54.00 AIRTABLE.COM 4910505191 21 MAR 24000774081000004898161","1045.3",,"315758.72"
,"23/03/2024","8400/000 : FNB","24492154082713363979039","Account Payment","1.00 BEENVERIFIED I 4910505191 22 MAR 24492154082713363979039","19.26",,"315777.98"
,"25/03/2024","8400/000 : FNB","74609054083000001401220","Account Payment","299.00 TIME IS LTD 4910505191 22 MAR 74609054083000001401220","5821.76",,"321599.74"
,"25/03/2024","8400/000 : FNB","24430994083091089002326","Account Payment","378.35 DNHGODADDY. 4910505191 22 MAR 24430994083091089002326","378.35",,"321978.09"
,"25/03/2024","STOCK2SHOP (PTY) LTD","WWI31301","Supplier Invoice","B2B Trade Store","253.2",,"322231.29"
,"26/03/2024","8400/000 : FNB","74609054085000000504303","Account Payment","10.00 MATTERMOST 4910505191 24 MAR 74609054085000000504303","194.71",,"322426"
,"26/03/2024","8400/000 : FNB","74609054083000004315310","Account Payment","17.25 SLACK T1AS3LC 4910505191 23 MAR 74609054083000004315310","335.88",,"322761.88"
,"26/03/2024","8400/000 : FNB","74987504084001522838036","Account Payment","18.38 Dropbox 11TDM 4910505191 24 MAR 74987504084001522838036","357.88",,"323119.76"
,"26/03/2024","8400/000 : FNB","74609054085000003855900","Account Payment","376.40 HOLASPIRIT 4910505225 25 MAR 74609054085000003855900","7937.35",,"331057.11"
,"26/03/2024","8400/000 : FNB","74609054085000003938060","Account Payment","231.95 HOLASPIRIT 4910505225 25 MAR 74609054085000003938060","4891.26",,"335948.37"
,"26/03/2024","8400/000 : FNB","74987504084000009395080","Account Payment","1124.99 LinkedIn SN 4910505191 24 MAR 74987504084000009395080","1124.99",,"337073.36"
,"26/03/2024","8400/000 : FNB","24011344084000047613508","Account Payment","34.12 WWW.MAKE.COM 4910505191 24 MAR 24011344084000047613508","664.35",,"337737.71"
,"26/03/2024","8400/000 : FNB","74609054084000001043062","Account Payment","30.00 HASURA 4910505191 23 MAR 74609054084000001043062","584.12",,"338321.83"
,"27/03/2024","8400/000 : FNB","24492164086000003096399","Account Payment","150.00 AUTH0.COM 4910505191 25 MAR 24492164086000003096399","2913.56",,"341235.39"
,"27/03/2024","8400/000 : FNB","74143614086000061800940","Account Payment","345.00 FACEBK 3AZU 4910505191 25 MAR 74143614086000061800940","345",,"341580.39"
,"28/03/2024","8400/000 : FNB","74987504086000512892027","Account Payment","690.00 FACEBK NHRE7 4910505191 26 MAR 74987504086000512892027","690",,"342270.39"
,"28/03/2024","8400/000 : FNB","74143614087000058223998","Account Payment","47.61 FACEBK 2NAAL 4910505191 26 MAR 74143614087000058223998","47.61",,"342318"
,"28/03/2024","STOCK2SHOP (PTY) LTD","WWI31306","Supplier Invoice","3300/020 : Computer - Platforms","3134.4",,"345452.4"
,"30/03/2024","8400/000 : FNB","24011344089000013168441","Account Payment","141.99 CANVA I0410 4910505225 29 MAR 24011344089000013168441","141.99",,"345594.39"
,"30/03/2024","8400/000 : FNB","74838424087109098117799","Account Payment","34.99 GOOGLE Googl 4910505191 27 MAR 74838424087109098117799","34.99",,"345629.38"
,"30/03/2024","8400/000 : FNB","74143614088000113662452","Account Payment","3041.60 SHOPIFY 22 4910505225 27 MAR 74143614088000113662452","58969.37",,"404598.75"
,"30/03/2024","8400/000 : FNB","74838424088109673658166","Account Payment","546.25 INTUIT QBoo 4910505225 28 MAR 74838424088109673658166","546.25",,"405145"
,"30/03/2024","8400/000 : FNB","74838424088109673658141","Account Payment","546.25 INTUIT QBoo 4910505225 28 MAR 74838424088109673658141","546.25",,"405691.25"
,"02/04/2024","8400/000 : FNB","74143614092000942780206","Account Payment","345.00 FACEBK 6J9R 4910505191 31 MAR 74143614092000942780206","345",,"406036.25"
,"02/04/2024","8400/000 : FNB","24011344089000035142457","Account Payment","5050.80 FRESHWORKS 4910505225 29 MAR 24011344089000035142457","5050.8",,"411087.05"
,"02/04/2024","8400/000 : FNB","24492164089000019417743","Account Payment","20.00 YOU.COM 4910505191 29 MAR 24492164089000019417743","389.93",,"411476.98"
,"02/04/2024","8400/000 : FNB","74987504091000706730051","Account Payment","438.86 FACEBK 7E8BK 4910505191 31 MAR 74987504091000706730051","438.86",,"411915.84"
,"02/04/2024","8400/000 : FNB","74007484090249745537595","Account Payment","499.00 CBACCleaner 4910505191 29 MAR 74007484090249745537595","499",,"412414.84"
,"02/04/2024","8400/000 : FNB","74838424091102073159880","Account Payment","546.25 INTUIT QBoo 4910505225 31 MAR 74838424091102073159880","546.25",,"412961.09"
,"02/04/2024","8400/000 : FNB","24492154089719641117170","Account Payment","29.99 BEENVERIFIED 4910505191 29 MAR 24492154089719641117170","580.15",,"413541.24"
,"02/04/2024","8400/000 : FNB","74389244091000000021857","Account Payment","49.91 FRAPPE CLOUD 4910505191 31 MAR 74389244091000000021857","965.48",,"414506.72"
,"02/04/2024","8400/000 : FNB","74208474090000015683546","Account Payment","119.94 CLINICSOFTWA 4910505225 30 MAR 74208474090000015683546","2934.19",,"417440.91"
,"02/04/2024","8400/000 : FNB","24492154089745582647982","Account Payment","182.85 WIX.COM 4910505191 29 MAR 24492154089745582647982","3537.14",,"420978.05"
,"03/04/2024","8400/000 : FNB","74697694093920045396231","Account Payment","391.60 GOOGLEGSUIT 4910505225 01 APR 74697694093920045396231","8184.3",,"429162.35"
,"03/04/2024","8400/000 : FNB","74609054092000007097989","Account Payment","17.25 SLACK T06A3T4 4910505191 01 APR 74609054092000007097989","333.69",,"429496.04"
,"03/04/2024","8400/000 : FNB","74987504092001376460051","Account Payment","12.00 GSUITE_rzoneu 4910505191 01 APR 74987504092001376460051","293.57",,"429789.61"
,"03/04/2024","8400/000 : FNB","74796314092000400758071","Account Payment","9.20 FACEBK FACEBK 4910505191 01 APR 74796314092000400758071","177.97",,"429967.58"
,"03/04/2024","8400/000 : FNB","24049454092000002330026","Account Payment","6.00 GLASSFROG 4910505191 01 APR 24049454092000002330026","116.07",,"430083.65"
,"03/04/2024","8400/000 : FNB","74697694093920041549783","Account Payment","1.45 GOOGLECLOUD J 4910505191 01 APR 74697694093920041549783","28.05",,"430111.7"
,"03/04/2024","8400/000 : FNB","24011344093000018881786","Account Payment","134.00 SINCH MAILGU 4910505191 02 APR 24011344093000018881786","2601.58",,"432713.28"
,"03/04/2024","8400/000 : FNB","74697694093920045511888","Account Payment","83.96 GOOGLEGSUITE 4910505225 01 APR 74697694093920045511888","1754.74",,"434468.02"
,"03/04/2024","8400/000 : FNB","74796314092000300753032","Account Payment","46.00 FACEBK FACEB 4910505191 01 APR 74796314092000300753032","889.85",,"435357.87"
,"03/04/2024","8400/000 : FNB","74697694093920041440488","Account Payment","39.82 GOOGLEGSUITE 4910505191 01 APR 74697694093920041440488","832.23",,"436190.1"
,"03/04/2024","8400/000 : FNB","74796314092000077633045","Account Payment","29.81 GSUITE_zone.m 4910505191 01 APR 74796314092000077633045","576.66",,"436766.76"
,"03/04/2024","8400/000 : FNB","24492164092000046592331","Account Payment","29.00 VIRTONOMICS S 4910505191 01 APR 24492164092000046592331","560.99",,"437327.75"
,"03/04/2024","8400/000 : FNB","24011344092000062884877","Account Payment","29.00 ECM A LEGALZ 4910505191 01 APR 24011344092000062884877","560.99",,"437888.74"
,"03/04/2024","8400/000 : FNB","74796314092000800848050","Account Payment","27.60 FACEBK FACEB 4910505191 01 APR 74796314092000800848050","533.91",,"438422.65"
,"04/04/2024","8400/000 : FNB","74201334093000007019295","Account Payment","450.00 WAPPALYZER 4910505191 02 APR 74201334093000007019295","8736.65",,"447159.3"
,"04/04/2024","8400/000 : FNB","24906414093197117460717","Account Payment","3883.91 DNHGODADDY 4910505191 02 APR 24906414093197117460717","3883.91",,"451043.21"
,"05/04/2024","8400/000 : FNB","74922134094037630010631","Account Payment","BOB GROUP 4910505191 01 APR 74922134094037630010631","2298.85",,"453342.06"
,"05/04/2024","8400/000 : FNB","74609054095000002252289","Account Payment","99.00 DMNS.APP BUSI 4910505191 04 APR 74609054095000002252289","1905.13",,"455247.19"
,"05/04/2024","8400/000 : FNB","74083424095000001489379","Account Payment","60.00 INSOMNIA TEAM 4910505191 03 APR 74083424095000001489379","1154.62",,"456401.81"
,"05/04/2024","8400/000 : FNB","24000774095000005601550","Account Payment","4.95 SHELLS.COM 4910505191 04 APR 24000774095000005601550","95.26",,"456497.07"
,"05/04/2024","8400/000 : FNB","24011344095000024326287","Account Payment","4.87 TRIPLE WHALE 4910505191 04 APR 24011344095000024326287","93.72",,"456590.79"
,"05/04/2024","8400/000 : FNB","24492164095000012290883","Account Payment","1499.00 APPDIRECT 4910505225 04 APR 24492164095000012290883","28846.33",,"485437.12"
,"05/04/2024","8400/000 : FNB","24011344095000023001774","Account Payment","249.00 STABLE 4910505191 04 APR 24011344095000023001774","4791.68",,"490228.8"
,"05/04/2024","8400/000 : FNB","24011344094000063579789","Account Payment","143.20 MOZSEOHELP@ 4910505191 03 APR 24011344094000063579789","2779.84",,"493008.64"
,"05/04/2024","8400/000 : FNB","74922134094037630011217","Account Payment","BOB GROUP 4910505191 01 APR 74922134094037630011217","2298.85",,"495307.49"
,"06/04/2024","8400/000 : FNB","24000774095000014064741","Account Payment","7.40 GITHUB INC. 4910505225 04 APR 24000774095000014064741","142.4",,"495449.89"
,"06/04/2024","8400/000 : FNB","24000774095000013877093","Account Payment","19.00 GITHUB INC. 4910505225 04 APR 24000774095000013877093","365.63",,"495815.52"
,"06/04/2024","8400/000 : FNB","24011344096000000761225","Account Payment","599.00 TRIPLE WHALE 4910505191 04 APR 24011344096000000761225","11526.99",,"507342.51"
,"06/04/2024","8400/000 : FNB","74143614096000103723165","Account Payment","2058.98 SHOPIFY 22 4910505191 04 APR 74143614096000103723165","39622.44",,"546964.95"
,"06/04/2024","8400/000 : FNB","24011344096000019170343","Account Payment","134.00 SQUARESPACE 4910505191 05 APR 24011344096000019170343","134",,"547098.95"
,"08/04/2024","8400/000 : FNB","74007484097250498874196","Account Payment","77.05 CBAPlesk 4910505191 05 APR 74007484097250498874196","1474.27",,"548573.22"
,"08/04/2024","8400/000 : FNB","24011344097000020265271","Account Payment","15.00 HIGHTAIL 4910505191 06 APR 24011344097000020265271","287.32",,"548860.54"
,"09/04/2024","8400/000 : FNB","24492164098000009261308","Account Payment","7.00 NPM INC. 4910505191 07 APR 24492164098000009261308","134.09",,"548994.63"
,"09/04/2024","8400/000 : FNB","74609054098000004067443","Account Payment","9.00 GITPOD.IO 4910505191 07 APR 74609054098000004067443","172.39",,"549167.02"
,"09/04/2024","8400/000 : FNB","74609054097000007779623","Account Payment","19.99 WOOCOMMERCE S 4910505225 06 APR 74609054097000007779623","382.91",,"549549.93"
,"09/04/2024","8400/000 : FNB","24011344097000061712512","Account Payment","20.00 VERCEL INC. 4910505225 06 APR 24011344097000061712512","383.1",,"549933.03"
,"09/04/2024","8400/000 : FNB","24011344097000063684123","Account Payment","20.00 VERCEL INC. 4910505225 06 APR 24011344097000063684123","383.1",,"550316.13"
,"09/04/2024","8400/000 : FNB","24168884098104976702363","Account Payment","546.25 INTUIT QBoo 4910505225 07 APR 24168884098104976702363","546.25",,"550862.38"
,"09/04/2024","8400/000 : FNB","24492164099000000037458","Account Payment","99.00 MIOSALON.COM 4910505225 07 APR 24492164099000000037458","1896.34",,"552758.72"
,"09/04/2024","8400/000 : FNB","74208474098000010518350","Account Payment","3.60 GETADDRESS.IO 4910505225 07 APR 74208474098000010518350","87.13",,"552845.85"
,"09/04/2024","8400/000 : FNB","24492164098000009100324","Account Payment","7.00 NPM INC. 4910505191 07 APR 24492164098000009100324","134.09",,"552979.94"
,"09/04/2024","8400/000 : FNB","24492164098000009213101","Account Payment","7.00 NPM INC. 4910505191 07 APR 24492164098000009213101","134.09",,"553114.03"
,"09/04/2024","8400/000 : FNB","24492164098000009255052","Account Payment","7.00 NPM INC. 4910505191 07 APR 24492164098000009255052","134.09",,"553248.12"
,"09/04/2024","8400/000 : FNB","24492164099000000062100","Account Payment","99.00 MIOSALON.COM 4910505225 07 APR 24492164099000000062100","1896.34",,"555144.46"
,"09/04/2024","8400/000 : FNB","24021214099016175440627","Account Payment","171.35 PADDLE.NETD 4910505191 08 APR 24021214099016175440627","3282.21",,"558426.67"
,"10/04/2024","8400/000 : FNB","24492164099000032428238","Account Payment","25.00 NOTION LABS 4910505191 08 APR 24492164099000032428238","478.87",,"558905.54"
,"10/04/2024","8400/000 : FNB","24000774099000007106372","Account Payment","28.75 CLOUDFLARE 4910505191 08 APR 24000774099000007106372","550.71",,"559456.25"
,"10/04/2024","8400/000 : FNB","74143614100000062161070","Account Payment","575.00 FACEBK HY7U 4910505191 08 APR 74143614100000062161070","575",,"560031.25"
,"10/04/2024","8400/000 : FNB","74987504099001201957050","Account Payment","862.50 FACEBK T5NGE 4910505191 08 APR 74987504099001201957050","862.5",,"560893.75"
,"10/04/2024","8400/000 : FNB","24492164099000027125278","Account Payment","150.00 AUTH0.COM 4910505191 08 APR 24492164099000027125278","2873.25",,"563767"
,"11/04/2024","8400/000 : FNB","74143254100000002378953","Account Payment","49.00 SKRAPP.IO STA 4910505191 09 APR 74143254100000002378953","937.35",,"564704.35"
,"11/04/2024","8400/000 : FNB","74838424100106731023338","Account Payment","546.25 INTUIT QBoo 4910505225 09 APR 74838424100106731023338","546.25",,"565250.6"
,"11/04/2024","8400/000 : FNB","24492164101000009613008","Account Payment","102.74 NOTION LABS 4910505191 10 APR 24492164101000009613008","1956.02",,"567206.62"
,"12/04/2024","8400/000 : FNB","74143614102000109485290","Account Payment","3001.45 SHOPIFY 22 4910505225 10 APR 74143614102000109485290","57143.37",,"624349.99"
,"12/04/2024","8400/000 : FNB","24049454101000003144524","Account Payment","198.00 PLAYFAB INC 4910505191 10 APR 24049454101000003144524","3769.64",,"628119.63"
,"12/04/2024","8400/000 : FNB","24011344102000024690303","Account Payment","99.00 DYNAMIC.XYZ 4910505191 11 APR 24011344102000024690303","1900.03",,"630019.66"
,"12/04/2024","8400/000 : FNB","24492164102000012523672","Account Payment","32.00 BUBBLE STARTE 4910505191 11 APR 24492164102000012523672","614.15",,"630633.81"
,"13/04/2024","8400/000 : FNB","24000774102000014521253","Account Payment","42.00 GITHUB INC. 4910505225 11 APR 24000774102000014521253","806.08",,"631439.89"
,"13/04/2024","8400/000 : FNB","24000774102000014642513","Account Payment","63.00 GITHUB INC. 4910505225 11 APR 24000774102000014642513","1209.11",,"632649"
,"13/04/2024","8400/000 : FNB","24000774102000014574450","Account Payment","189.00 GITHUB INC. 4910505225 11 APR 24000774102000014574450","3627.32",,"636276.32"
,"13/04/2024","8400/000 : FNB","24168884102108166604283","Account Payment","546.25 INTUIT QBoo 4910505225 11 APR 24168884102108166604283","546.25",,"636822.57"
,"13/04/2024","8400/000 : FNB","24168884102108166604291","Account Payment","546.25 INTUIT QBoo 4910505225 11 APR 24168884102108166604291","546.25",,"637368.82"
,"15/04/2024","8400/000 : FNB","24000774103000017963824","Account Payment","15.00 TABNINE 4910505191 12 APR 24000774103000017963824","288.49",,"637657.31"
,"16/04/2024","8400/000 : FNB","24000774105000012957787","Account Payment","14.00 GITHUB INC. 4910505225 14 APR 24000774105000012957787","271.13",,"637928.44"
,"16/04/2024","8400/000 : FNB","24492164106000000303240","Account Payment","280.00 WIZA.CO 4910505191 14 APR 24492164106000000303240","5422.56",,"643351"
,"16/04/2024","8400/000 : FNB","74247284104820130887940","Account Payment","180.00 AGENCYANALYT 4910505225 13 APR 74247284104820130887940","3485.93",,"646836.93"
,"16/04/2024","8400/000 : FNB","24492164105000028848219","Account Payment","123.39 NOTION LABS 4910505191 14 APR 24492164105000028848219","2389.61",,"649226.54"
,"16/04/2024","8400/000 : FNB","24168884105100698914394","Account Payment","546.25 INTUIT QBoo 4910505225 14 APR 24168884105100698914394","546.25",,"649772.79"
,"17/04/2024","8400/000 : FNB","74609054106000009684077","Account Payment","226.47 SLACK T0MN3D 4910505225 15 APR 74609054106000009684077","4385.89",,"654158.68"
,"17/04/2024","8400/000 : FNB","24000774106000017370084","Account Payment","120.75 MANAGEWP 4910505225 15 APR 24000774106000017370084","2338.48",,"656497.16"
,"17/04/2024","8400/000 : FNB","24000774106000017247860","Account Payment","120.75 MANAGEWP 4910505225 15 APR 24000774106000017247860","2338.48",,"658835.64"
,"17/04/2024","8400/000 : FNB","74143614107000112672293","Account Payment","74.75 SHOPIFY 2260 4910505225 15 APR 74143614107000112672293","1447.64",,"660283.28"
,"17/04/2024","8400/000 : FNB","24011344106000029125509","Account Payment","23.00 FIGMA MONTHLY 4910505191 15 APR 24011344106000029125509","445.42",,"660728.7"
,"18/04/2024","8400/000 : FNB","24011344107000051573740","Account Payment","279.00 TRIPLE WHALE 4910505191 16 APR 24011344107000051573740","5424.23",,"666152.93"
,"18/04/2024","8400/000 : FNB","24011344108000020359345","Account Payment","1150.00 SQUARESPACE 4910505191 17 APR 24011344108000020359345","1150",,"667302.93"
,"18/04/2024","8400/000 : FNB","74143614108000068600636","Account Payment","575.00 FACEBK KTYK 4910505191 16 APR 74143614108000068600636","575",,"667877.93"
,"18/04/2024","8400/000 : FNB","74796314108000900043075","Account Payment","408.94 MSFT 3cE07 4910505225 17 APR 74796314108000900043075","408.94",,"668286.87"
,"18/04/2024","8400/000 : FNB","74796314108000200003076","Account Payment","26415.96 MSFT E07 4910505225 17 APR 74796314108000200003076","26415.96",,"694702.83"
,"18/04/2024","8400/000 : FNB","74796314108000800020033","Account Payment","5439.50 MSFT 3cE0 4910505225 17 APR 74796314108000800020033","5439.5",,"700142.33"
,"19/04/2024","8400/000 : FNB","74875304108000006774057","Account Payment","178.68 PipedriveUK 4910505191 17 APR 74875304108000006774057","4335.1",,"704477.43"
,"19/04/2024","8400/000 : FNB","24492164109000009852020","Account Payment","9.00 EMMA AI 4910505191 18 APR 24492164109000009852020","175.49",,"704652.92"
,"20/04/2024","8400/000 : FNB","74208474110000006705502","Account Payment","46.80 ENDOLE.CO.UK 4910505191 19 APR 74208474110000006705502","1141.22",,"705794.14"
,"20/04/2024","8400/000 : FNB","24000774110000005662967","Account Payment","100.00 NAMEBIO 4910505191 19 APR 24000774110000005662967","1960.07",,"707754.21"
,"20/04/2024","8400/000 : FNB","74609054110000004376509","Account Payment","17.25 SLACK T4ENT13 4910505225 19 APR 74609054110000004376509","338.11",,"708092.32"
,"20/04/2024","8400/000 : FNB","24692164109103965634669","Account Payment","100.00 INTUIT QBoo 4910505191 18 APR 24692164109103965634669","1949.86",,"710042.18"
,"22/04/2024","8400/000 : FNB","24492164110000014112086","Account Payment","59.00 GREENBACK.COM 4910505225 19 APR 24492164110000014112086","1156.45",,"711198.63"
,"22/04/2024","8400/000 : FNB","74987504110000710056045","Account Payment","1150.00 FACEBK 35DS 4910505191 19 APR 74987504110000710056045","1150",,"712348.63"
,"22/04/2024","8400/000 : FNB","24168884110104867167969","Account Payment","546.25 INTUIT QBoo 4910505225 19 APR 24168884110104867167969","546.25",,"712894.88"
,"22/04/2024","8400/000 : FNB","24168884110104861841411","Account Payment","546.25 INTUIT QBoo 4910505225 19 APR 24168884110104861841411","546.25",,"713441.13"
,"22/04/2024","8400/000 : FNB","24168884110104859898266","Account Payment","546.25 INTUIT QBoo 4910505225 19 APR 24168884110104859898266","546.25",,"713987.38"
,"22/04/2024","8400/000 : FNB","24168884110104867168017","Account Payment","264.50 INTUIT QBoo 4910505225 19 APR 24168884110104867168017","264.5",,"714251.88"
,"22/04/2024","8400/000 : FNB","74313284111105425846490","Account Payment","3.01 Illustrator 4910505191 20 APR 74313284111105425846490","59",,"714310.88"
,"23/04/2024","8400/000 : FNB","24492164111000036196009","Account Payment","20.00 REPLIT INC. 4910505225 20 APR 24492164111000036196009","395.75",,"714706.63"
,"23/04/2024","8400/000 : FNB","24000774112000005464768","Account Payment","54.00 AIRTABLE.COM 4910505191 21 APR 24000774112000005464768","1068.53",,"715775.16"
,"24/04/2024","8400/000 : FNB","74609054114000001428630","Account Payment","299.00 TIME IS LTD 4910505191 22 APR 74609054114000001428630","5857.96",,"721633.12"
,"25/04/2024","8400/000 : FNB","74987504115000604227087","Account Payment","1124.99 LinkedIn 95 4910505191 24 APR 74987504115000604227087","1124.99",,"722758.11"
,"25/04/2024","8400/000 : FNB","74609054115000001149417","Account Payment","30.00 HASURA 4910505191 23 APR 74609054115000001149417","589.9",,"723348.01"
,"25/04/2024","8400/000 : FNB","74609054114000009003955","Account Payment","17.25 SLACK T1AS3LC 4910505191 23 APR 74609054114000009003955","337.96",,"723685.97"
,"26/04/2024","8400/000 : FNB","74987504115001652644041","Account Payment","18.38 Dropbox 45NV5 4910505191 24 APR 74987504115001652644041","361.41",,"724047.38"
,"26/04/2024","8400/000 : FNB","74313284116109476904401","Account Payment","18.09 Illustrator 4910505191 25 APR 74313284116109476904401","355.7",,"724403.08"
,"26/04/2024","8400/000 : FNB","74609054116000003871603","Account Payment","376.40 HOLASPIRIT 4910505225 25 APR 74609054116000003871603","7912.05",,"732315.13"
,"26/04/2024","8400/000 : FNB","74609054116000003991021","Account Payment","231.95 HOLASPIRIT 4910505225 25 APR 74609054116000003991021","4875.66",,"737190.79"
,"26/04/2024","8400/000 : FNB","74796314115000018421040","Account Payment","100.00 CLOUD B8HSRR 4910505191 24 APR 74796314115000018421040","1966.33",,"739157.12"
,"26/04/2024","8400/000 : FNB","24011344115000056383202","Account Payment","34.12 WWW.MAKE.COM 4910505191 24 APR 24011344115000056383202","670.91",,"739828.03"
,"26/04/2024","8400/000 : FNB","74609054116000000503043","Account Payment","10.00 MATTERMOST 4910505191 24 APR 74609054116000000503043","196.64",,"740024.67"
,"29/04/2024","8400/000 : FNB","24011344117000052621942","Account Payment","960.00 SQUARESPACE 4910505191 26 APR 24011344117000052621942","960",,"740984.67"
,"29/04/2024","8400/000 : FNB","74143614118000060721446","Account Payment","645.58 FACEBK 6L6A 4910505191 26 APR 74143614118000060721446","645.58",,"741630.25"
,"29/04/2024","8400/000 : FNB","24492164117000003625364","Account Payment","150.00 AUTH0.COM 4910505191 25 APR 24492164117000003625364","2946.81",,"744577.06"
,"29/04/2024","8400/000 : FNB","74922134116037830009726","Account Payment","BOB GROUP 4910505191 21 APR 74922134116037830009726","2298.85",,"746875.91"
,"29/04/2024","8400/000 : FNB","74922134116037830009718","Account Payment","BOB GROUP 4910505191 21 APR 74922134116037830009718","2298.85",,"749174.76"
,"29/04/2024","8400/000 : FNB","24492164116000032093494","Account Payment","24.00 LEMSQZY CODE 4910505191 25 APR 24492164116000032093494","471.76",,"749646.52"
,"29/04/2024","STOCK2SHOP (PTY) LTD","WWI31335","Supplier Invoice","Stock to Shop","3134.4",,"752780.92"
,"30/04/2024","8400/000 : FNB","74143614120001252145994","Account Payment","2926.66 SHOPIFY 22 4910505225 27 APR 74143614120001252145994","57076.52",,"809857.44"
,"30/04/2024","8400/000 : FNB","74796314118000312370049","Account Payment","200.00 CLOUD BJMMMM 4910505191 27 APR 74796314118000312370049","3900.45",,"813757.89"
,"30/04/2024","8400/000 : FNB","24011344120000021428267","Account Payment","182.85 WIX.COM 1113 4910505191 29 APR 24011344120000021428267","3565.99",,"817323.88"
,"30/04/2024","8400/000 : FNB","24492154119719633605004","Account Payment","29.99 BEENVERIFIED 4910505191 28 APR 24492154119719633605004","584.88",,"817908.76"
,"30/04/2024","8400/000 : FNB","24168884119102265737095","Account Payment","546.25 INTUIT QBoo 4910505225 28 APR 24168884119102265737095","546.25",,"818455.01"
,"30/04/2024","8400/000 : FNB","24168884119102265737087","Account Payment","546.25 INTUIT QBoo 4910505225 28 APR 24168884119102265737087","546.25",,"819001.26"
,"30/04/2024","8400/000 : FNB","74313284119102032239922","Account Payment","22.99 Adobe 4910505191 28 APR 74313284119102032239922","448.36",,"819449.62"
,"30/04/2024","8400/000 : FNB","24011344120000012901215","Account Payment","141.99 CANVA I0413 4910505225 29 APR 24011344120000012901215","141.99",,"819591.61"
,"30/04/2024","8400/000 : FNB","74875304118001100958081","Account Payment","34.99 Google Storag 4910505191 28 APR 74875304118001100958081","34.99",,"819626.6"
,"02/05/2024","8400/000 : FNB","74165884120417104783976","Account Payment","275.15 DNHDOMAINH 4910505191 28 APR 74165884120417104783976","6704.45",,"826331.05"
,"02/05/2024","8400/000 : FNB","24011344120000034675250","Account Payment","5050.80 FRESHWORKS 4910505225 29 APR 24011344120000034675250","5050.8",,"831381.85"
,"02/05/2024","8400/000 : FNB","74208474121000020249591","Account Payment","119.94 CLINICSOFTWA 4910505225 30 APR 74208474121000020249591","2889.87",,"834271.72"
,"02/05/2024","8400/000 : FNB","24492164120000034431639","Account Payment","2162.00 APPY PIE T 4910505191 29 APR 24492164120000034431639","2162",,"836433.72"
,"02/05/2024","8400/000 : FNB","74389244121000000032973","Account Payment","50.10 FRAPPE CLOUD 4910505191 30 APR 74389244121000000032973","963.78",,"837397.5"
,"02/05/2024","8400/000 : FNB","24492164120000020613562","Account Payment","20.00 YOU.COM 4910505191 29 APR 24492164120000020613562","390.05",,"837787.55"
,"02/05/2024","8400/000 : FNB","74609054120000008059265","Account Payment","5.00 COMPONENTS.STU 4910505191 29 APR 74609054120000008059265","97.51",,"837885.06"
,"03/05/2024","8400/000 : FNB","74697694123920055323020","Account Payment","83.96 GOOGLEGSUITE 4910505225 01 MAY 74697694123920055323020","1725.09",,"839610.15"
,"03/05/2024","8400/000 : FNB","74987504122000908248079","Account Payment","1096.18 FACEBK 4910505191 01 MAY 74987504122000908248079","1096.18",,"840706.33"
,"03/05/2024","8400/000 : FNB","74796314122000600610027","Account Payment","46.00 FACEBK FACEB 4910505191 01 MAY 74796314122000600610027","884.58",,"841590.91"
,"03/05/2024","8400/000 : FNB","74987504122001605418080","Account Payment","39.82 Google GSUITE 4910505191 01 MAY 74987504122001605418080","818.16",,"842409.07"
,"03/05/2024","8400/000 : FNB","74697694123920051593725","Account Payment","29.81 GOOGLEGSUITE 4910505191 01 MAY 74697694123920051593725","573.25",,"842982.32"
,"03/05/2024","8400/000 : FNB","24492164122000053646578","Account Payment","29.00 VIRTONOMICS S 4910505191 01 MAY 24492164122000053646578","557.67",,"843539.99"
,"03/05/2024","8400/000 : FNB","24011344122000078866581","Account Payment","29.00 ECM A LEGALZ 4910505191 01 MAY 24011344122000078866581","557.67",,"844097.66"
,"03/05/2024","8400/000 : FNB","74697694123920055283521","Account Payment","391.60 GOOGLEGSUIT 4910505225 01 MAY 74697694123920055283521","8046",,"852143.66"
,"03/05/2024","8400/000 : FNB","74697694123920051385445","Account Payment","275.68 GOOGLECLOUD 4910505191 01 MAY 74697694123920051385445","5301.34",,"857445"
,"03/05/2024","8400/000 : FNB","24011344122000073191357","Account Payment","134.00 SINCH MAILGU 4910505191 01 MAY 24011344122000073191357","2576.83",,"860021.83"
,"03/05/2024","8400/000 : FNB","24168884122104845110962","Account Payment","546.25 INTUIT QBoo 4910505225 01 MAY 24168884122104845110962","546.25",,"860568.08"
,"03/05/2024","8400/000 : FNB","74796314122000800583065","Account Payment","27.60 FACEBK FACEB 4910505191 01 MAY 74796314122000800583065","530.75",,"861098.83"
,"03/05/2024","8400/000 : FNB","74609054122000018703900","Account Payment","17.25 SLACK T06A3T4 4910505191 01 MAY 74609054122000018703900","331.71",,"861430.54"
,"03/05/2024","8400/000 : FNB","74987504122001745744056","Account Payment","12.00 GSUITE_rzoneu 4910505191 01 MAY 74987504122001745744056","288.92",,"861719.46"
,"03/05/2024","8400/000 : FNB","74796314122000900513079","Account Payment","9.20 FACEBK FACEBK 4910505191 01 MAY 74796314122000900513079","176.92",,"861896.38"
,"03/05/2024","8400/000 : FNB","24492164122000033918584","Account Payment","7.00 GLASSFROG 4910505191 01 MAY 24492164122000033918584","134.61",,"862030.99"
,"04/05/2024","8400/000 : FNB","74201334123000007500983","Account Payment","450.00 WAPPALYZER 4910505191 02 MAY 74201334123000007500983","8637.92",,"870668.91"
,"06/05/2024","8400/000 : FNB","24011344124000078083391","Account Payment","143.20 MOZSEOHELP@ 4910505191 03 MAY 24011344124000078083391","2732.31",,"873401.22"
,"06/05/2024","8400/000 : FNB","74609054125000002163951","Account Payment","99.00 DMNS.APP BUSI 4910505191 04 MAY 74609054125000002163951","1879.22",,"875280.44"
,"06/05/2024","8400/000 : FNB","74083424125000001643599","Account Payment","60.00 INSOMNIA TEAM 4910505191 03 MAY 74083424125000001643599","1138.92",,"876419.36"
,"06/05/2024","8400/000 : FNB","24000774125000006853683","Account Payment","4.95 SHELLS.COM 4910505191 04 MAY 24000774125000006853683","93.96",,"876513.32"
,"06/05/2024","8400/000 : FNB","76230133","Account Payment","FNB OBE 76230133 76230133","24.14",,"876537.46"
,"07/05/2024","8400/000 : FNB","74143614127001070740706","Account Payment","2058.98 SHOPIFY 22 4910505191 04 MAY 74143614127001070740706","39083.5",,"915620.96"
,"07/05/2024","8400/000 : FNB","24492164125000016631839","Account Payment","1499.00 APPDIRECT 4910505225 04 MAY 24492164125000016631839","28453.97",,"944074.93"
,"07/05/2024","8400/000 : FNB","24492164127000013962466","Account Payment","1499.00 APPDIRECT 4910505191 06 MAY 24492164127000013962466","28453.97",,"972528.9"
,"07/05/2024","8400/000 : FNB","24492164126000014688301","Account Payment","1499.00 APPDIRECT 4910505191 05 MAY 24492164126000014688301","28453.97",,"1000982.87"
,"07/05/2024","8400/000 : FNB","24492164126000011277058","Account Payment","1499.00 APPDIRECT 4910505191 05 MAY 24492164126000011277058","28453.97",,"1029436.84"
,"07/05/2024","8400/000 : FNB","24011344126000000859494","Account Payment","599.00 TRIPLE WHALE 4910505191 04 MAY 24011344126000000859494","11370.21",,"1040807.05"
,"07/05/2024","8400/000 : FNB","24011344125000030095631","Account Payment","249.00 STABLE 4910505191 04 MAY 24011344125000030095631","4726.51",,"1045533.56"
,"07/05/2024","8400/000 : FNB","74548584126002804005504","Account Payment","SAGE ACC 4910505225 04 MAY 74548584126002804005504","3160",,"1048693.56"
,"07/05/2024","8400/000 : FNB","74878464126417230922707","Account Payment","126.50 MICROSOFTG0 4910505191 05 MAY 74878464126417230922707","2401.22",,"1051094.78"
,"07/05/2024","8400/000 : FNB","24000774126000010053675","Account Payment","120.75 MANAGEWP 4910505225 05 MAY 24000774126000010053675","2292.07",,"1053386.85"
,"07/05/2024","8400/000 : FNB","24000774126000010053642","Account Payment","120.75 MANAGEWP 4910505225 05 MAY 24000774126000010053642","2292.07",,"1055678.92"
,"07/05/2024","8400/000 : FNB","74007484127254883971371","Account Payment","77.05 CBAPlesk 4910505191 05 MAY 74007484127254883971371","1462.56",,"1057141.48"
,"07/05/2024","8400/000 : FNB","24000774125000015396567","Account Payment","7.15 GITHUB INC. 4910505225 04 MAY 24000774125000015396567","135.72",,"1057277.2"
,"07/05/2024","8400/000 : FNB","24011344127000020222292","Account Payment","134.00 SQUARESPACE 4910505191 06 MAY 24011344127000020222292","134",,"1057411.2"
,"07/05/2024","8400/000 : FNB","24000774125000015291107","Account Payment","19.00 GITHUB INC. 4910505225 04 MAY 24000774125000015291107","360.66",,"1057771.86"
,"07/05/2024","8400/000 : FNB","24011344127000021024556","Account Payment","15.00 HIGHTAIL 4910505191 06 MAY 24011344127000021024556","284.73",,"1058056.59"
,"08/05/2024","8400/000 : FNB","24011344127000071096769","Account Payment","20.00 VERCEL INC. 4910505225 06 MAY 24011344127000071096769","379.64",,"1058436.23"
,"08/05/2024","8400/000 : FNB","24011344127000068248381","Account Payment","20.00 VERCEL INC. 4910505225 06 MAY 24011344127000068248381","379.64",,"1058815.87"
,"08/05/2024","8400/000 : FNB","74609054127000010097702","Account Payment","19.99 WOOCOMMERCE S 4910505225 06 MAY 74609054127000010097702","379.45",,"1059195.32"
,"08/05/2024","8400/000 : FNB","24000774127000006752958","Account Payment","9.00 TWENTY.COM 4910505191 06 MAY 24000774127000006752958","170.84",,"1059366.16"
,"08/05/2024","8400/000 : FNB","74609054128000005039676","Account Payment","9.00 GITPOD.IO 4910505191 07 MAY 74609054128000005039676","170.57",,"1059536.73"
,"08/05/2024","8400/000 : FNB","24492164128000010567309","Account Payment","7.00 NPM INC. 4910505191 07 MAY 24492164128000010567309","132.67",,"1059669.4"
,"08/05/2024","8400/000 : FNB","24492164128000010555312","Account Payment","7.00 NPM INC. 4910505191 07 MAY 24492164128000010555312","132.67",,"1059802.07"
,"08/05/2024","8400/000 : FNB","24492164128000010532162","Account Payment","7.00 NPM INC. 4910505191 07 MAY 24492164128000010532162","132.67",,"1059934.74"
,"08/05/2024","8400/000 : FNB","24492164128000010392179","Account Payment","7.00 NPM INC. 4910505191 07 MAY 24492164128000010392179","132.67",,"1060067.41"
,"08/05/2024","8400/000 : FNB","74208474128000011381976","Account Payment","3.60 GETADDRESS.IO 4910505225 07 MAY 74208474128000011381976","85.66",,"1060153.07"
,"09/05/2024","8400/000 : FNB","24492164128000018002820","Account Payment","1499.00 APPDIRECT 4910505191 07 MAY 24492164128000018002820","28409.94",,"1088563.01"
,"09/05/2024","8400/000 : FNB","24021214129019927444081","Account Payment","171.35 PADDLE.NETD 4910505191 08 MAY 24021214129019927444081","3245.42",,"1091808.43"
,"09/05/2024","8400/000 : FNB","74922134128037930018292","Account Payment","BOB GROUP 4910505191 01 MAY 74922134128037930018292","2298.85",,"1094107.28"
,"09/05/2024","8400/000 : FNB","24492164129000000078936","Account Payment","99.00 MIOSALON.COM 4910505225 07 MAY 24492164129000000078936","1876.31",,"1095983.59"
,"09/05/2024","8400/000 : FNB","24492164129000000042957","Account Payment","99.00 MIOSALON.COM 4910505225 07 MAY 24492164129000000042957","1876.31",,"1097859.9"
,"09/05/2024","8400/000 : FNB","24168884128100009891813","Account Payment","546.25 INTUIT QBoo 4910505225 07 MAY 24168884128100009891813","546.25",,"1098406.15"
,"10/05/2024","8400/000 : FNB","74697694130920042362314","Account Payment","500.00 GOOGLECLOUD 4910505191 08 MAY 74697694130920042362314","9470.14",,"1107876.29"
,"10/05/2024","8400/000 : FNB","24492164129000031344075","Account Payment","150.00 AUTH0.COM 4910505191 08 MAY 24492164129000031344075","2841.04",,"1110717.33"
,"10/05/2024","8400/000 : FNB","74987504129001110262083","Account Payment","862.50 FACEBK 4910505191 08 MAY 74987504129001110262083","862.5",,"1111579.83"
,"10/05/2024","8400/000 : FNB","24492164129000038156936","Account Payment","25.00 NOTION LABS 4910505191 08 MAY 24492164129000038156936","473.5",,"1112053.33"
,"10/05/2024","8400/000 : FNB","24000774129000007653195","Account Payment","23.75 CLOUDFLARE 4910505191 08 MAY 24000774129000007653195","449.83",,"1112503.16"
,"11/05/2024","8400/000 : FNB","24492164130000016617898","Account Payment","1499.00 APPDIRECT 4910505191 09 MAY 24492164130000016617898","28568.33",,"1141071.49"
,"11/05/2024","8400/000 : FNB","24492164131000011178507","Account Payment","70.00 NOTION LABS 4910505191 10 MAY 24492164131000011178507","1332.24",,"1142403.73"
,"11/05/2024","8400/000 : FNB","74143254130000002415635","Account Payment","49.00 SKRAPP.IO STA 4910505191 09 MAY 74143254130000002415635","933.85",,"1143337.58"
,"13/05/2024","8400/000 : FNB","74143614132000109374704","Account Payment","3001.45 SHOPIFY 23 4910505225 10 MAY 74143614132000109374704","57123.75",,"1200461.33"
,"13/05/2024","8400/000 : FNB","24011344132000026729566","Account Payment","99.00 DYNAMIC.XYZ 4910505191 11 MAY 24011344132000026729566","1870.15",,"1202331.48"
,"13/05/2024","8400/000 : FNB","24064664131000000563138","Account Payment","99.00 PLAYFAB INC. 4910505191 10 MAY 24064664131000000563138","1884.17",,"1204215.65"
,"14/05/2024","8400/000 : FNB","24000774132000016523897","Account Payment","189.00 GITHUB INC. 4910505225 11 MAY 24000774132000016523897","3570.29",,"1207785.94"
,"14/05/2024","8400/000 : FNB","24000774132000016623036","Account Payment","63.00 GITHUB INC. 4910505225 11 MAY 24000774132000016623036","1190.1",,"1208976.04"
,"14/05/2024","8400/000 : FNB","24000774132000016378508","Account Payment","42.00 GITHUB INC. 4910505225 11 MAY 24000774132000016378508","793.4",,"1209769.44"
,"14/05/2024","8400/000 : FNB","24492164132000014757793","Account Payment","32.00 BUBBLE STARTE 4910505191 11 MAY 24492164132000014757793","604.49",,"1210373.93"
,"14/05/2024","8400/000 : FNB","24168884132103361717042","Account Payment","546.25 INTUIT QBoo 4910505225 11 MAY 24168884132103361717042","546.25",,"1210920.18"
,"14/05/2024","8400/000 : FNB","24168884132103361717034","Account Payment","546.25 INTUIT QBoo 4910505225 11 MAY 24168884132103361717034","546.25",,"1211466.43"
,"15/05/2024","8400/000 : FNB","74247284134820127140828","Account Payment","180.00 AGENCYANALYT 4910505225 13 MAY 74247284134820127140828","3400.27",,"1214866.7"
,"16/05/2024","8400/000 : FNB","24000774135000014919060","Account Payment","14.00 GITHUB INC. 4910505225 14 MAY 24000774135000014919060","263.91",,"1215130.61"
,"16/05/2024","8400/000 : FNB","74609054136000005229970","Account Payment","214.47 SLACK T0MN3D 4910505225 15 MAY 74609054136000005229970","4044.14",,"1219174.75"
,"16/05/2024","8400/000 : FNB","24168884135105794532531","Account Payment","546.25 INTUIT QBoo 4910505225 14 MAY 24168884135105794532531","546.25",,"1219721"
,"17/05/2024","8400/000 : FNB","74143614137000105044298","Account Payment","74.75 SHOPIFY 2325 4910505225 15 MAY 74143614137000105044298","1409.52",,"1221130.52"
,"18/05/2024","8400/000 : FNB","74796314138000500006047","Account Payment","26415.96 MSFT E07 4910505225 17 MAY 74796314138000500006047","26415.96",,"1247546.48"
,"18/05/2024","8400/000 : FNB","74796314138000500062040","Account Payment","5439.50 MSFT 3cE0 4910505225 17 MAY 74796314138000500062040","5439.5",,"1252985.98"
,"18/05/2024","8400/000 : FNB","74796314138000300064071","Account Payment","408.94 MSFT 3cE07 4910505225 17 MAY 74796314138000300064071","408.94",,"1253394.92"
,"21/05/2024","8400/000 : FNB","24168884140100037785304","Account Payment","546.25 INTUIT QBoo 4910505225 19 MAY 24168884140100037785304","546.25",,"1253941.17"
,"21/05/2024","8400/000 : FNB","24168884140100035525108","Account Payment","546.25 INTUIT QBoo 4910505225 19 MAY 24168884140100035525108","546.25",,"1254487.42"
,"21/05/2024","8400/000 : FNB","24168884140100035024888","Account Payment","546.25 INTUIT QBoo 4910505225 19 MAY 24168884140100035024888","546.25",,"1255033.67"
,"21/05/2024","8400/000 : FNB","74609054140000006541419","Account Payment","17.25 SLACK T4ENT13 4910505225 19 MAY 74609054140000006541419","322.05",,"1255355.72"
,"21/05/2024","8400/000 : FNB","24168884140100037785254","Account Payment","264.50 INTUIT QBoo 4910505225 19 MAY 24168884140100037785254","264.5",,"1255620.22"
,"21/05/2024","8400/000 : FNB","24492164140000015320674","Account Payment","59.00 GREENBACK.COM 4910505225 19 MAY 24492164140000015320674","1101.54",,"1256721.76"
,"22/05/2024","8400/000 : FNB","24492164141000034382902","Account Payment","20.00 REPLIT INC. 4910505225 20 MAY 24492164141000034382902","373.4",,"1257095.16"
,"23/05/2024","8400/000 : FNB","24011344142000060610092","Account Payment","279.00 TRIPLE WHALE 4910505191 21 MAY 24011344142000060610092","5208.15",,"1262303.31"
,"23/05/2024","8400/000 : FNB","24000774142000012384763","Account Payment","100.00 NAMEBIO 4910505191 21 MAY 24000774142000012384763","1866.72",,"1264170.03"
,"24/05/2024","8400/000 : FNB","24000774143000019631389","Account Payment","15.00 TABNINE 4910505191 22 MAY 24000774143000019631389","279.12",,"1264449.15"
,"24/05/2024","8400/000 : FNB","24492164143000018223625","Account Payment","75.00 NOTION LABS 4910505191 22 MAY 24492164143000018223625","1395.59",,"1265844.74"
,"24/05/2024","8400/000 : FNB","74796314143000110559040","Account Payment","1000.00 CLOUD GCB2G 4910505191 22 MAY 74796314143000110559040","18607.94",,"1284452.68"
,"24/05/2024","8400/000 : FNB","74609054144000001599186","Account Payment","299.00 TIME IS LTD 4910505191 22 MAY 74609054144000001599186","5584.43",,"1290037.11"
,"25/05/2024","8400/000 : FNB","74609054145000001389223","Account Payment","30.00 HASURA 4910505191 23 MAY 74609054145000001389223","566.17",,"1290603.28"
,"25/05/2024","8400/000 : FNB","74609054144000008557237","Account Payment","17.25 SLACK T1AS3LC 4910505191 23 MAY 74609054144000008557237","322.18",,"1290925.46"
,"27/05/2024","8400/000 : FNB","74609054146000000515744","Account Payment","10.00 MATTERMOST 4910505191 24 MAY 74609054146000000515744","188.81",,"1291114.27"
,"27/05/2024","8400/000 : FNB","74987504145002348334033","Account Payment","18.38 Dropbox 2Q868 4910505191 24 MAY 74987504145002348334033","346.87",,"1291461.14"
,"27/05/2024","8400/000 : FNB","74609054146000003695725","Account Payment","376.40 HOLASPIRIT 4910505225 25 MAY 74609054146000003695725","7698.83",,"1299159.97"
,"27/05/2024","8400/000 : FNB","74609054146000003803485","Account Payment","231.95 HOLASPIRIT 4910505225 25 MAY 74609054146000003803485","4744.26",,"1303904.23"
,"27/05/2024","8400/000 : FNB","24011344145000065631108","Account Payment","34.12 WWW.MAKE.COM 4910505191 24 MAY 24011344145000065631108","643.92",,"1304548.15"
,"27/05/2024","8400/000 : FNB","74313284146101823396435","Account Payment","24.14 Illustrator 4910505191 25 MAY 74313284146101823396435","455.57",,"1305003.72"
,"27/05/2024","STOCK2SHOP (PTY) LTD","WWI31369","Supplier Invoice","3300/020 : Computer - Platforms - Stock2Shop","1371.14",,"1306374.86"
,"28/05/2024","8400/000 : FNB","24492164147000011651315","Account Payment","9.00 EMMA AI 4910505191 26 MAY 24492164147000011651315","169.93",,"1306544.79"
,"28/05/2024","8400/000 : FNB","24492164146000028412082","Account Payment","280.00 WIZA.CO 4910505191 25 MAY 24492164146000028412082","5286.85",,"1311831.64"
,"28/05/2024","8400/000 : FNB","24492164147000003244517","Account Payment","150.00 AUTH0.COM 4910505191 25 MAY 24492164147000003244517","2832.24",,"1314663.88"
,"28/05/2024","8400/000 : FNB","74987504146000204644049","Account Payment","1726.83 FACEBK 4910505191 25 MAY 74987504146000204644049","1726.83",,"1316390.71"
,"28/05/2024","8400/000 : FNB","74987504146000804863072","Account Payment","1150.00 FACEBK 4910505191 25 MAY 74987504146000804863072","1150",,"1317540.71"
,"28/05/2024","8400/000 : FNB","24000774146000015390326","Account Payment","54.00 AIRTABLE.COM 4910505191 25 MAY 24000774146000015390326","1019.6",,"1318560.31"
,"28/05/2024","8400/000 : FNB","24492164146000035110463","Account Payment","24.00 LEMSQZY CODE 4910505191 25 MAY 24492164146000035110463","453.16",,"1319013.47"
,"28/05/2024","8400/000 : FNB","74987504147000702137057","Account Payment","51.00 FACEBK 4910505191 26 MAY 74987504147000702137057","51",,"1319064.47"
,"28/05/2024","STOCK2SHOP (PTY) LTD","WWI31370","Supplier Invoice","3300/020 : Computer - Platforms - connectors","4790",,"1323854.47"
,"28/05/2024","STOCK2SHOP (PTY) LTD","WWI31371","Supplier Invoice","3300/020 : Computer - Platforms Connectors","3134.4",,"1326988.87"
,"30/05/2024","8400/000 : FNB","24011344150000014021320","Account Payment","141.99 CANVA I0416 4910505225 29 MAY 24011344150000014021320","141.99",,"1327130.86"
,"30/05/2024","8400/000 : FNB","74875304148002831440021","Account Payment","34.99 Google Storag 4910505191 27 MAY 74875304148002831440021","34.99",,"1327165.85"
,"30/05/2024","8400/000 : FNB","24168884149104418114887","Account Payment","546.25 INTUIT QBoo 4910505225 28 MAY 24168884149104418114887","546.25",,"1327712.1"
,"30/05/2024","8400/000 : FNB","24168884149104418114879","Account Payment","546.25 INTUIT QBoo 4910505225 28 MAY 24168884149104418114879","546.25",,"1328258.35"
,"30/05/2024","8400/000 : FNB","74313284149104174042472","Account Payment","22.99 Adobe 4910505191 28 MAY 74313284149104174042472","434.09",,"1328692.44"
,"30/05/2024","8400/000 : FNB","24011344148000030098455","Account Payment","1150.00 SQUARESPACE 4910505191 27 MAY 24011344148000030098455","1150",,"1329842.44"
,"30/05/2024","8400/000 : FNB","24492154149719587309474","Account Payment","29.99 BEENVERIFIED 4910505191 28 MAY 24492154149719587309474","564.04",,"1330406.48"
,"30/05/2024","8400/000 : FNB","74143614149000114521506","Account Payment","2846.17 SHOPIFY 23 4910505225 27 MAY 74143614149000114521506","53740.29",,"1384146.77"
,"30/05/2024","8400/000 : FNB","24011344150000024418995","Account Payment","182.85 WIX.COM 1118 4910505191 29 MAY 24011344150000024418995","3438.94",,"1387585.71"
,"31/05/2024","8400/000 : FNB","24011344150000037192694","Account Payment","5050.80 FRESHWORKS 4910505225 29 MAY 24011344150000037192694","5050.8",,"1392636.51"
,"31/05/2024","8400/000 : FNB","24492164150000021204356","Account Payment","20.00 YOU.COM 4910505191 29 MAY 24492164150000021204356","376.15",,"1393012.66"
,"31/05/2024","8400/000 : FNB","74609054150000009318242","Account Payment","5.00 COMPONENTS.STU 4910505191 29 MAY 74609054150000009318242","94.03",,"1393106.69"
,"31/05/2024","The Courier Guy","WWI31380","Supplier Invoice","3300/020 : Computer - Platforms","2665",,"1395771.69"
,"01/06/2024","8400/000 : FNB","74208474151000019464840","Account Payment","119.94 CLINICSOFTWA 4910505225 30 MAY 74208474151000019464840","2872.39",,"1398644.08"
,"03/06/2024","8400/000 : FNB","74609054153000006133575","Account Payment","42.71 DIGITALOCEAN. 4910505191 01 JUN 74609054153000006133575","823.97",,"1399468.05"
,"03/06/2024","8400/000 : FNB","74987504152000713205051","Account Payment","652.91 FACEBK 5MGN 4910505191 31 MAY 74987504152000713205051","652.91",,"1400120.96"
,"03/06/2024","8400/000 : FNB","24492164152000034937081","Account Payment","29.00 VIRTONOMICS S 4910505191 31 MAY 24492164152000034937081","556.13",,"1400677.09"
,"03/06/2024","8400/000 : FNB","24168884152106927593232","Account Payment","546.25 INTUIT QBoo 4910505225 31 MAY 24168884152106927593232","546.25",,"1401223.34"
,"03/06/2024","8400/000 : FNB","24011344153000017310545","Account Payment","134.00 SQUARESPACE 4910505191 01 JUN 24011344153000017310545","134",,"1401357.34"
,"03/06/2024","STOCK2SHOP (PTY) LTD","WWI31375","Supplier Invoice","3300/020 : Computer - Platforms","4728",,"1406085.34"
,"04/06/2024","8400/000 : FNB","74697694154920051548564","Account Payment","924.05 GOOGLECLOUD 4910505191 01 JUN 74697694154920051548564","17826.93",,"1423912.27"
,"04/06/2024","8400/000 : FNB","74201334154000006996143","Account Payment","450.00 WAPPALYZER 4910505191 02 JUN 74201334154000006996143","8681.48",,"1432593.75"
,"04/06/2024","8400/000 : FNB","24011344153000083665244","Account Payment","29.00 ECM A LEGALZ 4910505191 01 JUN 24011344153000083665244","559.47",,"1433153.22"
,"04/06/2024","8400/000 : FNB","74796314153000800812060","Account Payment","27.60 FACEBK CGLW5 4910505191 01 JUN 74796314153000800812060","532.46",,"1433685.68"
,"04/06/2024","8400/000 : FNB","74609054153000008336416","Account Payment","17.25 SLACK T06A3T4 4910505191 01 JUN 74609054153000008336416","332.79",,"1434018.47"
,"04/06/2024","8400/000 : FNB","74045464154910041033816","Account Payment","12.00 GOOGLEGSUITE 4910505191 01 JUN 74045464154910041033816","294.19",,"1434312.66"
,"04/06/2024","8400/000 : FNB","74796314153000400693068","Account Payment","9.20 FACEBK KLX493 4910505191 01 JUN 74796314153000400693068","177.49",,"1434490.15"
,"04/06/2024","8400/000 : FNB","24492164153000033306550","Account Payment","7.00 GLASSFROG 4910505191 01 JUN 24492164153000033306550","135.05",,"1434625.2"
,"04/06/2024","8400/000 : FNB","76230133","Account Payment","FNB OBE 76230133 76230133","37.92",,"1434663.12"
,"04/06/2024","8400/000 : FNB","74697694154920055238345","Account Payment","391.60 GOOGLEGSUIT 4910505225 01 JUN 74697694154920055238345","8176.2",,"1442839.32"
,"04/06/2024","8400/000 : FNB","74697694154920051304042","Account Payment","263.45 GOOGLEGSUIT 4910505191 01 JUN 74697694154920051304042","5082.52",,"1447921.84"
,"04/06/2024","8400/000 : FNB","24011344153000073994513","Account Payment","134.00 SINCH MAILGU 4910505191 01 JUN 24011344153000073994513","2585.15",,"1450506.99"
,"04/06/2024","8400/000 : FNB","74697694154920055206227","Account Payment","83.96 GOOGLEGSUITE 4910505225 01 JUN 74697694154920055206227","1753",,"1452259.99"
,"04/06/2024","8400/000 : FNB","74796314153000500779072","Account Payment","46.00 FACEBK SP48L 4910505191 01 JUN 74796314153000500779072","887.44",,"1453147.43"
,"04/06/2024","8400/000 : FNB","74697694154920051223887","Account Payment","39.82 GOOGLEGSUITE 4910505191 01 JUN 74697694154920051223887","831.4",,"1453978.83"
,"04/06/2024","8400/000 : FNB","24011344153000043555006","Account Payment","674.34 CANVA I0416 4910505225 01 JUN 24011344153000043555006","674.34",,"1454653.17"
,"05/06/2024","8400/000 : FNB","24000774155000010909888","Account Payment","540.00 AIRTABLE.COM 4910505225 03 JUN 24000774155000010909888","10417.77",,"1465070.94"
,"05/06/2024","8400/000 : FNB","24011344156000025400525","Account Payment","249.00 STABLE 4910505191 04 JUN 24011344156000025400525","4799.64",,"1469870.58"
,"05/06/2024","8400/000 : FNB","24011344155000068856634","Account Payment","207.00 FIGMA ANNUAL 4910505191 03 JUN 24011344155000068856634","3993.47",,"1473864.05"
,"05/06/2024","8400/000 : FNB","24011344155000066202807","Account Payment","143.20 MOZSEOHELP@ 4910505191 03 JUN 24011344155000066202807","2762.64",,"1476626.69"
,"05/06/2024","8400/000 : FNB","74609054156000002097250","Account Payment","99.00 DMNS.APP BUSI 4910505191 04 JUN 74609054156000002097250","1908.29",,"1478534.98"
,"05/06/2024","8400/000 : FNB","74083424156000001395804","Account Payment","60.00 INSOMNIA TEAM 4910505191 03 JUN 74083424156000001395804","1156.54",,"1479691.52"
,"05/06/2024","8400/000 : FNB","74389244155000000016363","Account Payment","49.91 FRAPPE CLOUD 4910505191 03 JUN 74389244155000000016363","962.87",,"1480654.39"
,"05/06/2024","8400/000 : FNB","24000774156000006360582","Account Payment","4.95 SHELLS.COM 4910505191 04 JUN 24000774156000006360582","95.41",,"1480749.8"
,"05/06/2024","8400/000 : FNB","24492164156000013664793","Account Payment","1499.00 APPDIRECT 4910505225 04 JUN 24492164156000013664793","28894.2",,"1509644"
,"06/06/2024","8400/000 : FNB","74548584157002809006970","Account Payment","SAGE ACC 4910505225 04 JUN 74548584157002809006970","3160",,"1512804"
,"06/06/2024","8400/000 : FNB","24000774156000015299565","Account Payment","19.00 GITHUB INC. 4910505225 04 JUN 24000774156000015299565","366.24",,"1513170.24"
,"06/06/2024","8400/000 : FNB","24000774156000015452768","Account Payment","10.49 GITHUB INC. 4910505225 04 JUN 24000774156000015452768","202.2",,"1513372.44"
,"06/06/2024","8400/000 : FNB","74143614157000107143101","Account Payment","2058.98 SHOPIFY 23 4910505191 04 JUN 74143614157000107143101","39688.18",,"1553060.62"
,"06/06/2024","8400/000 : FNB","24011344157000000792416","Account Payment","599.00 TRIPLE WHALE 4910505191 04 JUN 24011344157000000792416","11546.11",,"1564606.73"
,"06/06/2024","The Courier Guy","WWI31387","Supplier Invoice","3300/020 : Computer - Platforms","935",,"1565541.73"
,"07/06/2024","8400/000 : FNB","74987504158000233798050","Account Payment","332.35 1xAll Produc 4910505191 04 JUN 74987504158000233798050","6406.26",,"1571947.99"
,"07/06/2024","8400/000 : FNB","74878464157422820403862","Account Payment","126.50 MICROSOFTG0 4910505191 05 JUN 74878464157422820403862","2424.46",,"1574372.45"
,"07/06/2024","8400/000 : FNB","24000774157000009270118","Account Payment","120.75 MANAGEWP 4910505225 05 JUN 24000774157000009270118","2314.26",,"1576686.71"
,"07/06/2024","8400/000 : FNB","24000774157000009076614","Account Payment","120.75 MANAGEWP 4910505225 05 JUN 24000774157000009076614","2314.26",,"1579000.97"
,"07/06/2024","8400/000 : FNB","74007484158259435200304","Account Payment","77.05 CBAPlesk 4910505191 05 JUN 74007484158259435200304","1476.72",,"1580477.69"
,"07/06/2024","8400/000 : FNB","24011344158000024665134","Account Payment","20.00 VERCEL INC. 4910505225 06 JUN 24011344158000024665134","387.56",,"1580865.25"
,"07/06/2024","8400/000 : FNB","24011344158000023905069","Account Payment","20.00 VERCEL INC. 4910505225 06 JUN 24011344158000023905069","387.56",,"1581252.81"
,"07/06/2024","8400/000 : FNB","24011344158000020822796","Account Payment","15.00 HIGHTAIL 4910505191 06 JUN 24011344158000020822796","290.67",,"1581543.48"
,"08/06/2024","8400/000 : FNB","74922134158038240013950","Account Payment","BOB GROUP 4910505191 01 JUN 74922134158038240013950","2298.85",,"1583842.33"
,"08/06/2024","8400/000 : FNB","74922134158038240013117","Account Payment","BOB GROUP 4910505191 01 JUN 74922134158038240013117","2298.85",,"1586141.18"
,"08/06/2024","8400/000 : FNB","74922134158038240012721","Account Payment","BOB GROUP 4910505191 01 JUN 74922134158038240012721","2298.85",,"1588440.03"
,"08/06/2024","8400/000 : FNB","74609054158000009733186","Account Payment","19.99 WOOCOMMERCE S 4910505225 06 JUN 74609054158000009733186","387.37",,"1588827.4"
,"08/06/2024","8400/000 : FNB","24000774158000016545964","Account Payment","11.07 HEROKU MAY-9 4910505191 06 JUN 24000774158000016545964","214.52",,"1589041.92"
,"08/06/2024","8400/000 : FNB","74609054159000005022781","Account Payment","9.00 GITPOD.IO 4910505191 07 JUN 74609054159000005022781","174.66",,"1589216.58"
,"08/06/2024","8400/000 : FNB","24000774158000008633562","Account Payment","9.00 TWENTY.COM 4910505191 06 JUN 24000774158000008633562","174.4",,"1589390.98"
,"08/06/2024","8400/000 : FNB","24492164159000011257332","Account Payment","7.00 NPM INC. 4910505191 07 JUN 24492164159000011257332","135.85",,"1589526.83"
,"08/06/2024","8400/000 : FNB","24492164159000011228564","Account Payment","7.00 NPM INC. 4910505191 07 JUN 24492164159000011228564","135.85",,"1589662.68"
,"08/06/2024","8400/000 : FNB","24492164159000011216007","Account Payment","7.00 NPM INC. 4910505191 07 JUN 24492164159000011216007","135.85",,"1589798.53"
,"08/06/2024","8400/000 : FNB","24492164159000011081476","Account Payment","7.00 NPM INC. 4910505191 07 JUN 24492164159000011081476","135.85",,"1589934.38"
,"08/06/2024","8400/000 : FNB","74208474159000012491578","Account Payment","3.60 GETADDRESS.IO 4910505225 07 JUN 74208474159000012491578","89.27",,"1590023.65"
,"10/06/2024","8400/000 : FNB","24021214160024509495980","Account Payment","171.35 PADDLE.NET 4910505191 08 JUN 24021214160024509495980","3325.33",,"1593348.98"
,"10/06/2024","8400/000 : FNB","24492164160000000066154","Account Payment","99.00 MIOSALON.COM 4910505225 07 JUN 24492164160000000066154","1921.34",,"1595270.32"
,"10/06/2024","8400/000 : FNB","24492164160000000041223","Account Payment","99.00 MIOSALON.COM 4910505225 07 JUN 24492164160000000041223","1921.34",,"1597191.66"
,"10/06/2024","8400/000 : FNB","24168884159102974641688","Account Payment","546.25 INTUIT QBoo 4910505225 07 JUN 24168884159102974641688","546.25",,"1597737.91"
,"10/06/2024","8400/000 : FNB","74609054159000020097776","Account Payment","12.00 CODESANDBOX 4910505191 07 JUN 74609054159000020097776","232.89",,"1597970.8"
,"11/06/2024","8400/000 : FNB","24492164161000013963859","Account Payment","1499.00 APPDIRECT 4910505191 09 JUN 24492164161000013963859","29090.62",,"1627061.42"
,"11/06/2024","8400/000 : FNB","74609054161000009047327","Account Payment","695.00 WWW.W3SCHOOL 4910505191 09 JUN 74609054161000009047327","13487.64",,"1640549.06"
,"11/06/2024","8400/000 : FNB","24492164160000031620052","Account Payment","150.00 AUTH0.COM 4910505191 08 JUN 24492164160000031620052","2911",,"1643460.06"
,"11/06/2024","8400/000 : FNB","24000774161000017789400","Account Payment","149.00 CASSIDYAI.CO 4910505191 09 JUN 24000774161000017789400","2891.6",,"1646351.66"
,"11/06/2024","8400/000 : FNB","24492164161000015748621","Account Payment","60.00 OPENAI CHATG 4910505191 09 JUN 24492164161000015748621","1164.4",,"1647516.06"
,"11/06/2024","8400/000 : FNB","74143254161000002244540","Account Payment","49.00 SKRAPP.IO STA 4910505191 09 JUN 74143254161000002244540","950.93",,"1648466.99"
,"11/06/2024","8400/000 : FNB","24000774160000009424272","Account Payment","28.75 CLOUDFLARE 4910505191 08 JUN 24000774160000009424272","557.94",,"1649024.93"
,"11/06/2024","8400/000 : FNB","74389244161000000030382","Account Payment","25.00 BEECEPTOR 4910505191 09 JUN 74389244161000000030382","485.16",,"1649510.09"
,"11/06/2024","8400/000 : FNB","74389244161000000030234","Account Payment","25.00 BEECEPTOR 4910505191 09 JUN 74389244161000000030234","485.16",,"1649995.25"
,"11/06/2024","8400/000 : FNB","24492164160000037893646","Account Payment","25.00 NOTION LABS 4910505191 08 JUN 24492164160000037893646","485.16",,"1650480.41"
,"12/06/2024","8400/000 : FNB","74143614163000099954822","Account Payment","3001.45 SHOPIFY 24 4910505225 10 JUN 74143614163000099954822","58248.2",,"1708728.61"
,"12/06/2024","8400/000 : FNB","74609054162000014412432","Account Payment","10.06 SLACK T0740DV 4910505191 10 JUN 74609054162000014412432","195.23",,"1708923.84"
,"13/06/2024","8400/000 : FNB","24000774163000015863965","Account Payment","189.00 GITHUB INC. 4910505225 11 JUN 24000774163000015863965","3651.17",,"1712575.01"
,"13/06/2024","8400/000 : FNB","24000774163000015956553","Account Payment","63.00 GITHUB INC. 4910505225 11 JUN 24000774163000015956553","1217.05",,"1713792.06"
,"13/06/2024","8400/000 : FNB","24000774163000015777827","Account Payment","57.94 GITHUB INC. 4910505225 11 JUN 24000774163000015777827","1119.31",,"1714911.37"
,"13/06/2024","8400/000 : FNB","24168884163106363257265","Account Payment","546.25 INTUIT QBoo 4910505225 11 JUN 24168884163106363257265","546.25",,"1715457.62"
,"13/06/2024","8400/000 : FNB","24168884163106363257182","Account Payment","546.25 INTUIT QBoo 4910505225 11 JUN 24168884163106363257182","546.25",,"1716003.87"
,"13/06/2024","8400/000 : FNB","74609054164000005612428","Account Payment","11.12 SLACK T0740DV 4910505191 12 JUN 74609054164000005612428","212.93",,"1716216.8"
,"14/06/2024","8400/000 : FNB","74987504164001009598080","Account Payment","1124.99 LinkedIn SN 4910505191 12 JUN 74987504164001009598080","1124.99",,"1717341.79"
,"14/06/2024","8400/000 : FNB","24000774164000016869838","Account Payment","23.80 GITHUB INC. 4910505191 12 JUN 24000774164000016869838","455.73",,"1717797.52"
,"14/06/2024","8400/000 : FNB","24000774164000018066680","Account Payment","15.00 TABNINE 4910505191 12 JUN 24000774164000018066680","287.22",,"1718084.74"
,"15/06/2024","8400/000 : FNB","24492164165000018818666","Account Payment","70.00 NOTION LABS 4910505191 13 JUN 24492164165000018818666","1333.94",,"1719418.68"
,"15/06/2024","8400/000 : FNB","74247284165820129430070","Account Payment","180.00 AGENCYANALYT 4910505225 13 JUN 74247284165820129430070","3430.12",,"1722848.8"
,"15/06/2024","8400/000 : FNB","24492164165000021905674","Account Payment","105.40 NOTION LABS 4910505191 13 JUN 24492164165000021905674","2008.52",,"1724857.32"
,"15/06/2024","8400/000 : FNB","24011344166000027075232","Account Payment","99.00 DYNAMIC.XYZ 4910505191 14 JUN 24011344166000027075232","1872.68",,"1726730"
,"18/06/2024","8400/000 : FNB","74796314169000800006053","Account Payment","26415.96 MSFT E07 4910505225 17 JUN 74796314169000800006053","26415.96",,"1753145.96"
,"18/06/2024","8400/000 : FNB","24492164167000009040575","Account Payment","780.00 ACQUIRE.COM 4910505191 15 JUN 24492164167000009040575","14726.55",,"1767872.51"
,"18/06/2024","8400/000 : FNB","24000774168000004423966","Account Payment","588.00 POSTMAN ENTE 4910505191 16 JUN 24000774168000004423966","11101.55",,"1778974.06"
,"18/06/2024","8400/000 : FNB","74878464166423988439218","Account Payment","414.00 MICROSOFTG0 4910505225 13 JUN 74878464166423988439218","7889.28",,"1786863.34"
,"18/06/2024","8400/000 : FNB","74796314169000200036049","Account Payment","5439.50 MSFT 3cE0 4910505225 17 JUN 74796314169000200036049","5439.5",,"1792302.84"
,"18/06/2024","8400/000 : FNB","24492164167000000388676","Account Payment","280.00 WIZA.CO 4910505191 14 JUN 24492164167000000388676","5296.47",,"1797599.31"
,"18/06/2024","8400/000 : FNB","24011344168000048555038","Account Payment","279.00 TRIPLE WHALE 4910505191 16 JUN 24011344168000048555038","5267.58",,"1802866.89"
,"18/06/2024","8400/000 : FNB","74609054167000004787749","Account Payment","179.76 SLACK T0MN3D 4910505225 15 JUN 74609054167000004787749","3393.9",,"1806260.79"
,"18/06/2024","8400/000 : FNB","74796314169000800026069","Account Payment","408.94 MSFT 3cE07 4910505225 17 JUN 74796314169000800026069","408.94",,"1806669.73"
,"18/06/2024","8400/000 : FNB","24000774166000020398467","Account Payment","14.00 GITHUB INC. 4910505225 14 JUN 24000774166000020398467","264.82",,"1806934.55"
,"18/06/2024","8400/000 : FNB","74987504168000425868065","Account Payment","1725.00 FACEBK YPH 4910505191 16 JUN 74987504168000425868065","1725",,"1808659.55"
,"18/06/2024","8400/000 : FNB","74389244167000000012145","Account Payment","75.00 WWW.VIDBOARD. 4910505191 15 JUN 74389244167000000012145","1416.02",,"1810075.57"
,"18/06/2024","8400/000 : FNB","74143614167000108278482","Account Payment","74.75 SHOPIFY 2421 4910505225 14 JUN 74143614167000108278482","1413.96",,"1811489.53"
,"18/06/2024","8400/000 : FNB","74313294168100735957716","Account Payment","1152.20 FACEBK EEK 4910505191 16 JUN 74313294168100735957716","1152.2",,"1812641.73"
,"18/06/2024","8400/000 : FNB","24011344169000023725720","Account Payment","1150.00 SQUARESPACE 4910505191 17 JUN 24011344169000023725720","1150",,"1813791.73"
,"18/06/2024","8400/000 : FNB","24492164166000023649634","Account Payment","60.00 OPENAI CHATG 4910505191 14 JUN 24492164166000023649634","1134.95",,"1814926.68"
,"18/06/2024","8400/000 : FNB","24492164168000014252495","Account Payment","32.00 BUBBLE STARTE 4910505191 16 JUN 24492164168000014252495","604.17",,"1815530.85"
,"18/06/2024","8400/000 : FNB","24168884166109086602707","Account Payment","546.25 INTUIT QBoo 4910505225 14 JUN 24168884166109086602707","546.25",,"1816077.1"
,"19/06/2024","8400/000 : FNB","24011344169000033874005","Account Payment","19.99 CHRISKING ME 4910505191 17 JUN 24011344169000033874005","377.41",,"1816454.51"
,"19/06/2024","8400/000 : FNB","24492164170000010444563","Account Payment","9.00 EMMA AI 4910505191 18 JUN 24492164170000010444563","169.02",,"1816623.53"
,"20/06/2024","8400/000 : FNB","74609054171000004326633","Account Payment","17.25 SLACK T4ENT13 4910505225 19 JUN 74609054171000004326633","322.19",,"1816945.72"
,"20/06/2024","8400/000 : FNB","24000774171000006184058","Account Payment","100.00 NAMEBIO 4910505191 19 JUN 24000774171000006184058","1867.75",,"1818813.47"
,"20/06/2024","8400/000 : FNB","24064664170000000424283","Account Payment","99.00 PLAYFAB INC. 4910505191 18 JUN 24064664170000000424283","1859.28",,"1820672.75"
,"21/06/2024","8400/000 : FNB","24011344171000054800315","Account Payment","248.40 WIX.COM 1121 4910505191 19 JUN 24011344171000054800315","4689.84",,"1825362.59"
,"21/06/2024","8400/000 : FNB","24000774172000006957940","Account Payment","149.00 AI PDF MYAID 4910505191 20 JUN 24000774172000006957940","2746.94",,"1828109.53"
,"21/06/2024","8400/000 : FNB","24011344171000055072971","Account Payment","66.47 WIX.COM 11218 4910505191 19 JUN 24011344171000055072971","1254.97",,"1829364.5"
,"21/06/2024","8400/000 : FNB","24492164171000017121080","Account Payment","59.00 GREENBACK.COM 4910505225 19 JUN 24492164171000017121080","1101.98",,"1830466.48"
,"21/06/2024","8400/000 : FNB","24168884171103036623742","Account Payment","546.25 INTUIT QBoo 4910505225 19 JUN 24168884171103036623742","546.25",,"1831012.73"
,"21/06/2024","8400/000 : FNB","24168884171103034621235","Account Payment","546.25 INTUIT QBoo 4910505225 19 JUN 24168884171103034621235","546.25",,"1831558.98"
,"21/06/2024","8400/000 : FNB","24168884171103033880147","Account Payment","546.25 INTUIT QBoo 4910505225 19 JUN 24168884171103033880147","546.25",,"1832105.23"
,"21/06/2024","8400/000 : FNB","24168884171103036623718","Account Payment","264.50 INTUIT QBoo 4910505225 19 JUN 24168884171103036623718","264.5",,"1832369.73"
,"22/06/2024","8400/000 : FNB","20.0 REPLIT, INC","Account Payment","20.0 REPLIT, INC","368.72",,"1832738.45"
,"22/06/2024","8400/000 : FNB","54.00 AIRTABLE.COM","Account Payment","54.00 AIRTABLE.COM","1001.58",,"1833740.03"
,"22/06/2024","8400/000 : FNB","74.00 PIPEDREAM, IN","Account Payment","74.00 PIPEDREAM, IN","1364.25",,"1835104.28"
,"25/06/2024","8400/000 : FNB","60.00 OPENAI *CHATG","Account Payment","60.00 OPENAI *CHATG","1102.84",,"1836207.12"
,"26/06/2024","8400/000 : FNB","10.00 MATTERMOST","Account Payment","10.00 MATTERMOST","186.11",,"1836393.23"
,"26/06/2024","8400/000 : FNB","100.00 OPENAI","Account Payment","100.00 OPENAI","1838.08",,"1838231.31"
,"26/06/2024","8400/000 : FNB","231.95 HOLASPIRIT","Account Payment","231.95 HOLASPIRIT","4633.27",,"1842864.58"
,"26/06/2024","8400/000 : FNB","376.40 HOLASPIRIT","Account Payment","376.40 HOLASPIRIT","7518.7",,"1850383.28"
,"27/06/2024","8400/000 : FNB","30.00 HASURA","Account Payment","30.00 HASURA","558.34",,"1850941.62"
,"27/06/2024","8400/000 : FNB","34.12 WWW.MAKE.COM","Account Payment","34.12 WWW.MAKE.COM","636.26",,"1851577.88"
,"27/06/2024","8400/000 : FNB","150.00 AUTH0.COM","Account Payment","150.00 AUTH0.COM","2797.13",,"1854375.01"
,"27/06/2024","8400/000 : FNB","24.14 ILLUSTRATOR","Account Payment","24.14 ILLUSTRATOR","449.28",,"1854824.29"
,"27/06/2024","8400/000 : FNB","27.60 LEMSQZY *CODE","Account Payment","27.60 LEMSQZY *CODE","513.67",,"1855337.96"
,"28/06/2024","8400/000 : FNB","Facebk","Account Payment","697.89 fACEBK","697.89",,"1856035.85"
,"29/06/2024","8400/000 : FNB","34.99 Google","Account Payment","34.99 GOOGLE","34.99",,"1856070.84"
,"29/06/2024","8400/000 : FNB","22.99 Adobe","Account Payment","22.99 Adobe","430.45",,"1856501.29"
,"01/07/2024","8400/000 : FNB","141.99 CANVA","Account Payment","141.99 CANVA","141.99",,"1856643.28"
,"01/07/2024","8400/000 : FNB","546.25 INTUIT","Account Payment","546.25 INTUIT","546.25",,"1857189.53"
,"01/07/2024","8400/000 : FNB","546.25 INTUIT","Account Payment","546.25 INTUIT","546.25",,"1857735.78"
,"01/07/2024","8400/000 : FNB","2846.17 Shopify","Account Payment","2846.17 Shopify","53758",,"1911493.78"
,"02/07/2024","8400/000 : FNB","119.94 CLINICSOFTWARE","Account Payment","119.94 CLINICSOFTWARE","2867.03",,"1914360.81"
,"02/07/2024","8400/000 : FNB","5050.80 FRESHWORKS","Account Payment","5050.80 FRESHWORKS","5050.8",,"1919411.61"
,"02/07/2024","8400/000 : FNB","13.80 SHOPIFY","Account Payment","13.80 HOPIFY","260.96",,"1919672.57"
,"02/07/2024","8400/000 : FNB","18.40 SHOPIFY","Account Payment","18.40 SHOPIFY","347.94",,"1920020.51"
,"02/07/2024","8400/000 : FNB","47.84 DIGITAL OCEAN","Account Payment","47.84 DIGITAL OCEAN","904.64",,"1920925.15"
,"02/07/2024","8400/000 : FNB","102.8 CASSIDY AI","Account Payment","102.8 CASSIDY AI","1943.92",,"1922869.07"
,"03/07/2024","8400/000 : FNB","134.00 SQSP","Account Payment","134.00 SQSP","134",,"1923003.07"
,"03/07/2024","8400/000 : FNB","9.20 FACEBOOK","Account Payment","9.20 FACEBOOK","173.97",,"1923177.04"
,"03/07/2024","8400/000 : FNB","12.00 GOOGLE GSUITE","Account Payment","12.00 GOOGLE GSUITE","286.84",,"1923463.88"
,"03/07/2024","8400/000 : FNB","7.00 Glassfrog","Account Payment","7.00 Glassfrog","132.37",,"1923596.25"
,"03/07/2024","8400/000 : FNB","546.25 INTUIT","Account Payment","546.25 INTUIT","546.25",,"1924142.5"
,"03/07/2024","8400/000 : FNB","29.00 ECM, A LEGALZ","Account Payment","29.00 ECM, A LEGALZ","548.38",,"1924690.88"
,"03/07/2024","8400/000 : FNB","39.82 Google GSUITE","Account Payment","39.82 Google GSUITE","804.84",,"1925495.72"
,"03/07/2024","8400/000 : FNB","46.00 FACEBK","Account Payment","46.00 FACEBK","869.85",,"1926365.57"
,"03/07/2024","8400/000 : FNB","83.96 Google GSUITE","Account Payment","83.96 Google GSUITE","1696.99",,"1928062.56"
,"03/07/2024","8400/000 : FNB","134.00 SINC MAILGU","Account Payment","134.00 SINC MAILGU","2515.18",,"1930577.74"
,"03/07/2024","8400/000 : FNB","182.85 WIX.COM","Account Payment","182.85 WIX.COM","3432.1",,"1934009.84"
,"03/07/2024","8400/000 : FNB","298.08 GSUITE_ZONE","Account Payment","298.08 GSUITE_ZONE","5636.59",,"1939646.43"
,"03/07/2024","8400/000 : FNB","391.60 Google GSuit","Account Payment","391.60 Google GSuit","7915.02",,"1947561.45"
,"03/07/2024","8400/000 : FNB","17.25 SLACK","Account Payment","17.25 SLACK","326.2",,"1947887.65"
,"03/07/2024","8400/000 : FNB","DROPBOX","Account Payment","DROPBOX","347.55",,"1948235.2"
,"03/07/2024","8400/000 : FNB","20.00 YOU.COM","Account Payment","20.00 YOU.COM","375.4",,"1948610.6"
,"03/07/2024","8400/000 : FNB","27.60 FACEBK","Account Payment","27.60 FACEBK","521.9",,"1949132.5"
,"03/07/2024","8400/000 : FNB","SWIFT","Account Payment","SWIFT","550",,"1949682.5"
,"03/07/2024","8400/000 : FNB","1103.24 GOOGLE CLOU","Account Payment","1103.24 GOOGLE CLOU","20861.89",,"1970544.39"
,"04/07/2024","8400/000 : FNB","BEENVERIFIED","Account Payment","BEENVERIFIED","571.37",,"1971115.76"
,"04/07/2024","8400/000 : FNB","WAPPALYZER","Account Payment","WAPPALYSER","8446.51",,"1979562.27"
,"04/07/2024","8400/000 : FNB","392.45 MICROSOFT","Account Receipt","392.45 MICROSOFT",,"7033.36","1972528.91"
,"05/07/2024","8400/000 : FNB","4.95 Shells.com","Account Payment","4.95 Shells.com","94.14",,"1972623.05"
,"05/07/2024","8400/000 : FNB","148.44 Enhancer swa","Account Payment","148.44 Enhancer swa","148.44",,"1972771.49"
,"05/07/2024","8400/000 : FNB","50.10 Frappe Cloud","Account Payment","50.10 Frappe Cloud","952.74",,"1973724.23"
,"05/07/2024","8400/000 : FNB","60.00 Imsomnia Team","Account Payment","60.00 Insomnia Team","1141",,"1974865.23"
,"05/07/2024","8400/000 : FNB","99.00 DMNS.APP BUSI","Account Payment","99.00 DMNS.APP BUSI","1882.65",,"1976747.88"
,"05/07/2024","8400/000 : FNB","143.20 MOZSEO:HELP@","Account Payment","143.20 MOZSEO:HELP@","2728.29",,"1979476.17"
,"05/07/2024","8400/000 : FNB","299.00 TIME IS LTD","Account Payment","299.00 TIME IS LTD","5696.62",,"1985172.79"
,"06/07/2024","8400/000 : FNB","2058.98 SHOPIFY","Account Payment","2058.98 SHOPIFY","39155.13",,"2024327.92"
,"06/07/2024","8400/000 : FNB","1499.00 APPDIRECTG","Account Payment","1499.00 APPDIRECT","28506.12",,"2052834.04"
,"06/07/2024","8400/000 : FNB","TRIPLE WHALE","Account Payment","599.00 TRIPLE WHALE","11391.03",,"2064225.07"
,"06/07/2024","8400/000 : FNB","5.00 COMPONENTS.STU","Account Payment","5.00 COMPONENTS.STU","95.08",,"2064320.15"
,"06/07/2024","8400/000 : FNB","Github","Account Payment","11.64GitHub","221.35",,"2064541.5"
,"06/07/2024","8400/000 : FNB","19.00 Github","Account Payment","19.00 Github","361.31",,"2064902.81"
,"06/07/2024","8400/000 : FNB","DNH DOMANI/HO","Account Payment","DNH DOMANI/HO","805.47",,"2065708.28"
,"06/07/2024","8400/000 : FNB","1410.60 FACEBK","Account Payment","1410.60 FACEBK","1410.6",,"2067118.88"
,"06/07/2024","8400/000 : FNB","120.75 MANAGEWP","Account Payment","120.75 MANAGEWP","2277.16",,"2069396.04"
,"06/07/2024","8400/000 : FNB","120.75 MANAGEWP","Account Payment","120.75 MANAGEWP","2277.16",,"2071673.2"
,"06/07/2024","8400/000 : FNB","249.00 STABLE","Account Payment","249.00 STABLE","4735.18",,"2076408.38"
,"08/07/2024","8400/000 : FNB","126.50 MICROSOFT","Account Payment","126.50 MICROSOFT","2385.6",,"2078793.98"
,"08/07/2024","8400/000 : FNB","15.00 HIGHTAIL","Account Payment","15.00 HIGHTAIL","280.49",,"2079074.47"
,"08/07/2024","8400/000 : FNB","77.05 CBA PLESK","Account Payment","77.05 CBA PLESK","1453.04",,"2080527.51"
,"08/07/2024","8400/000 : FNB","187.94 PADDLE.NET","Account Payment","187.94 PADDLE,NET","187.94",,"2080715.45"
,"09/07/2024","8400/000 : FNB","99.00 MIOSALON","Account Payment","99.00 MIOSALON","1851.22",,"2082566.67"
,"09/07/2024","8400/000 : FNB","99.00 MIOSALON","Account Payment","99.00 MIOSALON","1851.22",,"2084417.89"
,"09/07/2024","8400/000 : FNB","171.35 PADDLE.NET","Account Payment","171.35 PADDLE.NET","3204.1",,"2087621.99"
,"09/07/2024","8400/000 : FNB","12.00 CODESANDBOX","Account Payment","12.00 CODESANDBOX","224.39",,"2087846.38"
,"09/07/2024","8400/000 : FNB","19.99 WOOCOMMERCE","Account Payment","19.99 WOOCOMMERCE","373.8",,"2088220.18"
,"09/07/2024","8400/000 : FNB","20.00 VERCEL","Account Payment","20.00 VERCEL INC","373.98",,"2088594.16"
,"09/07/2024","8400/000 : FNB","20.00 VERCEL IMC","Account Payment","20.00 VERCEL INC","373.98",,"2088968.14"
,"09/07/2024","8400/000 : FNB","546.25 INTUIT","Account Payment","546.25 INTUIT","546.25",,"2089514.39"
,"09/07/2024","8400/000 : FNB","7.00NPM","Account Payment","7.00 NPM","130.9",,"2089645.29"
,"09/07/2024","8400/000 : FNB","7.00NPM","Account Payment","7.00NPM","130.9",,"2089776.19"
,"09/07/2024","8400/000 : FNB","7.00NPM","Account Payment","7.00NPM","130.9",,"2089907.09"
,"09/07/2024","8400/000 : FNB","3.60 GETADDRESS","Account Payment","3.60 GETADDRESS","86.09",,"2089993.18"
,"09/07/2024","8400/000 : FNB","9.00 TWENTY.COM","Account Payment","9.00 TWENTY.COM","168.29",,"2090161.47"
,"09/07/2024","8400/000 : FNB","9.00 GITPOD","Account Payment","9.00 GITPOD","168.29",,"2090329.76"
,"09/07/2024","8400/000 : FNB","7.00NPM","Account Payment","7.00NPM","130.9",,"2090460.66"
,"10/07/2024","8400/000 : FNB","20.00 HEROKO","Account Payment","20.00 HEROKU","373.98",,"2090834.64"
,"10/07/2024","8400/000 : FNB","25.00 NOTION LABS","Account Payment","25.00 NOTION LABS","467.48",,"2091302.12"
,"10/07/2024","8400/000 : FNB","28.75 CLOUDFLARE","Account Payment","28.75 CLOUDFLARE","537.6",,"2091839.72"
,"10/07/2024","8400/000 : FNB","150.00 AUTH0.COM","Account Payment","150.00 AUTH0.COM","2804.87",,"2094644.59"
,"11/07/2024","8400/000 : FNB","41.40 SHOPIFY","Account Payment","41.40 SHOPIFY","770.53",,"2095415.12"
,"11/07/2024","8400/000 : FNB","49.00 SKRAPP","Account Payment","49.00 SKRAPP","911.98",,"2096327.1"
,"11/07/2024","8400/000 : FNB","21.56 SLACK","Account Payment","21.56 SLACK","401.03",,"2096728.13"
,"11/07/2024","8400/000 : FNB","25.00 BEECEPTOR","Account Payment","25.00 BEECEPTOR","465.29",,"2097193.42"
,"11/07/2024","8400/000 : FNB","25.00 BEECEPTOR","Account Payment","25.00 BEECEPTOR","465.29",,"2097658.71"
,"11/07/2024","8400/000 : FNB","41.40 SHOPIFY","Account Payment","41.40 SHOPIFY","770.53",,"2098429.24"
,"11/07/2024","8400/000 : FNB","13.80 SHOPIFY","Account Payment","13.80 SHOPIFY","256.85",,"2098686.09"
,"11/07/2024","8400/000 : FNB","13.80 SHOPIFY","Account Payment","13.80 SHOPIFY","256.85",,"2098942.94"
,"11/07/2024","8400/000 : FNB","13.80 SHOPIFY","Account Payment","13.80 SHOPIFY","256.85",,"2099199.79"
,"11/07/2024","8400/000 : FNB","60.00 OPENAI CHATG","Account Payment","60.00 OPENAI CHATG","1116.72",,"2100316.51"
,"11/07/2024","8400/000 : FNB","70.00 NOTION LABS","Account Payment","70.00 NOTION LABS","1302.07",,"2101618.58"
,"11/07/2024","8400/000 : FNB","499.00 CASSIDYAI","Account Payment","499.00 CASSIDYAI","9287.34",,"2110905.92"
,"11/07/2024","8400/000 : FNB","1499 APPDIRECT","Account Payment","1499 APPDIRECT","27899.26",,"2138805.18"
,"12/07/2024","8400/000 : FNB","99.00 DYNAMIC","Account Payment","99.00 DYNAMIC","1837.33",,"2140642.51"
,"12/07/2024","8400/000 : FNB","43.70 SHOPIFY","Account Payment","43.70 SHOPIFY","812.87",,"2141455.38"
,"12/07/2024","8400/000 : FNB","3058 SHOPIFY","Account Payment","3058.95 SHOPIFY","56899.59",,"2198354.97"
,"12/07/2024","8400/000 : FNB","13.80 SHOPIFY","Account Payment","13.80 SHOPIFY","256.69",,"2198611.66"
,"12/07/2024","8400/000 : FNB","71.30 SHOPIFY","Account Payment","71.30 SHOPIFY","1326.26",,"2199937.92"
,"12/07/2024","8400/000 : FNB","90.85 SHOPIFY","Account Payment","90.85 SHOPIFY","1689.91",,"2201627.83"
,"12/07/2024","8400/000 : FNB","13.80S SHOPIFY","Account Payment","13.80 SHOPIFY","256.69",,"2201884.52"
,"12/07/2024","8400/000 : FNB","13.80 SHOPIFY","Account Payment","13.80 SHOPIFY","256.69",,"2202141.21"
,"12/07/2024","8400/000 : FNB","13.80 SHOPIFY","Account Payment","13.80 SHOPIFY","256.69",,"2202397.9"
,"12/07/2024","8400/000 : FNB","32.00 BUBBLE STARTE","Account Payment","32.00 BUBBLE STARTE","593.88",,"2202991.78"
,"12/07/2024","8400/000 : FNB","41.40 SHOPIFY","Account Payment","41.40 SHOPIFY","770.08",,"2203761.86"
,"13/07/2024","8400/000 : FNB","1.00 NOMIC ATLAS","Account Payment","1.00 NOMIC ATLAS","18.52",,"2203780.38"
,"13/07/2024","8400/000 : FNB","20.00 HUGGINGFACE","Account Payment","20.00 HUGGINGFACE","371.18",,"2204151.56"
,"13/07/2024","8400/000 : FNB","189.00 GITHUB","Account Payment","189.00 GITHUB","3507.63",,"2207659.19"
,"13/07/2024","8400/000 : FNB","21.00 GITHUB","Account Payment","21.00 GITHUB","389.73",,"2208048.92"
,"13/07/2024","8400/000 : FNB","546.25 INTUIT","Account Payment","546.25 INTUIT","546.25",,"2208595.17"
,"13/07/2024","8400/000 : FNB","546.25 INTUIT","Account Payment","546.25 INTUIT","546.25",,"2209141.42"
,"13/07/2024","8400/000 : FNB","61.00 GITHUB","Account Payment","61.00 GITHUB","1132.09",,"2210273.51"
,"13/07/2024","8400/000 : FNB","63.00 GITHUB","Account Payment","63.00 GITHUB","1169.21",,"2211442.72"
,"15/07/2024","8400/000 : FNB","1150.00 FACEBK","Account Payment","1150.00 FACEBK","1150",,"2212592.72"
,"15/07/2024","8400/000 : FNB","15.00 TABNINE","Account Payment","15.00 TABNINE","277.89",,"2212870.61"
,"15/07/2024","8400/000 : FNB","19.19 OPENAI CHATG","Account Payment","19.19 OPENAI CHATG","355.51",,"2213226.12"
,"16/07/2024","8400/000 : FNB","120.00 OPENAI CHAT","Account Payment","120.00 OPENAI CHAT","2209.63",,"2215435.75"
,"16/07/2024","8400/000 : FNB","175.00 NOTION LABS","Account Payment","175.00 NOTION LABS","3222.37",,"2218658.12"
,"16/07/2024","8400/000 : FNB","180.00 AGENCY ANALYT","Account Payment","180.00 AGENCY ANALYT","3314.44",,"2221972.56"
,"16/07/2024","8400/000 : FNB","280.00 WIZA.CO","Account Payment","280.00 WIZA.CO","5155.79",,"2227128.35"
,"16/07/2024","8400/000 : FNB","14.00 GITHUB","Account Payment","14.00 GITHUB","257.78",,"2227386.13"
,"16/07/2024","8400/000 : FNB","20.00 RAILWAY","Account Payment","20.00 RAILWAY","368.27",,"2227754.4"
,"16/07/2024","8400/000 : FNB","20.00 RAILWAY","Account Payment","20.00 RAILWAY","368.27",,"2228122.67"
,"16/07/2024","8400/000 : FNB","546.25 INTUIT","Account Payment","546.25 INTUIT","546.25",,"2228668.92"
,"16/07/2024","8400/000 : FNB","735.00 SQSP","Account Payment","735.00 SQSP","735",,"2229403.92"
,"16/07/2024","8400/000 : FNB","915.00 SQSP","Account Payment","915.00 SQSP","915",,"2230318.92"
,"16/07/2024","8400/000 : FNB","74.75 SHOPIFY","Account Payment","74.75 SHOPIFY","1376.41",,"2231695.33"
,"16/07/2024","8400/000 : FNB","99.00 PLAYFAB","Account Payment","99.00 PLAYFAB","1822.94",,"2233518.27"
,"17/07/2024","8400/000 : FNB","40.00REPLIT, INC","Account Payment","40.00REPLIT, INC","736.54",,"2234254.81"
,"17/07/2024","8400/000 : FNB","191.48 SLACK","Account Payment","191.48 SLACK","3525.82",,"2237780.63"
,"18/07/2024","8400/000 : FNB","MSFT","Account Payment","MSFT","408.94",,"2238189.57"
,"18/07/2024","8400/000 : FNB","SQSP","Account Payment","SQSP","1150",,"2239339.57"
,"18/07/2024","8400/000 : FNB","Triple Whale","Account Payment","tRIPLE WHALE","5203.51",,"2244543.08"
,"18/07/2024","8400/000 : FNB","MSFT","Account Payment","MSFT","5439.5",,"2249982.58"
,"18/07/2024","8400/000 : FNB","MSFT","Account Payment","MSFT","26415.96",,"2276398.54"
,"19/07/2024","8400/000 : FNB","EMMA AI","Account Payment","EMMA AI","167.8",,"2276566.34"
,"20/07/2024","8400/000 : FNB","NAMEBIO","Account Payment","NAMEBIO","1866.28",,"2278432.62"
,"22/07/2024","8400/000 : FNB","264.50 INTUIT","Account Payment","264.50 INTUIT","264.5",,"2278697.12"
,"22/07/2024","8400/000 : FNB","59.00 GREENBACK.COM","Account Payment","59.00 GREENBACK.COM","1101.11",,"2279798.23"
,"22/07/2024","8400/000 : FNB","550.00 SQSP","Account Payment","550.00 SQSP","550",,"2280348.23"
,"22/07/2024","8400/000 : FNB","660.00 SQSP","Account Payment","660.00 SQSP","660",,"2281008.23"
,"22/07/2024","8400/000 : FNB","17.25 SLACK T4ENT13","Account Payment","17.25 SLACK T4ENT13","321.93",,"2281330.16"
,"22/07/2024","8400/000 : FNB","1320.00 SQSP","Account Payment","1320.00 SQSP","1320",,"2282650.16"
,"22/07/2024","8400/000 : FNB","1725.00 FACEBOOK","Account Payment","1725.00FACEBOOK","1725",,"2284375.16"
,"22/07/2024","8400/000 : FNB","1835.00","Account Payment","1835.00 SQSP","1835",,"2286210.16"
,"22/07/2024","8400/000 : FNB","365.00 SQSP","Account Payment","365.00 SQSP","365",,"2286575.16"
,"22/07/2024","8400/000 : FNB","1320.00 SQSP","Account Payment","1320.00 SQSP","1320",,"2287895.16"
,"22/07/2024","8400/000 : FNB","1100.00 SQSP","Account Payment","1100.00 SQSP","1100",,"2288995.16"
,"22/07/2024","8400/000 : FNB","1835.00 SQSP","Account Payment","1835.00 SQSP","1835",,"2290830.16"
,"22/07/2024","8400/000 : FNB","3960.00 SQSP","Account Payment","3960.00 SQSP","3960",,"2294790.16"
,"22/07/2024","8400/000 : FNB","546.25 INTUIT","Account Payment","546.25 INTUIT","546.25",,"2295336.41"
,"22/07/2024","8400/000 : FNB","546.25 INTUIT","Account Payment","546.25 INTUIT","546.25",,"2295882.66"
,"22/07/2024","8400/000 : FNB","546.25 INTUIT","Account Payment","546.25 INTUIT","546.25",,"2296428.91"
,"23/07/2024","8400/000 : FNB","100.00 APPDIRECT","Account Payment","100.00 APPDIRECT","1874.76",,"2298303.67"
,"23/07/2024","8400/000 : FNB","74.00 PIPEDEAM","Account Payment","74.00 PIPEDREAM","1387.32",,"2299690.99"
,"23/07/2024","8400/000 : FNB","54.00 AIRTABLE.COM","Account Payment","54.00 AIRTABLE.COM","1012.37",,"2300703.36"
,"23/07/2024","8400/000 : FNB","20.00 REPLIT, INC","Account Payment","20.00 REPLIT, INC","374.95",,"2301078.31"
,"23/07/2024","8400/000 : FNB","134.00 SQSP","Account Payment","134.00 SQSP","134",,"2301212.31"
,"24/07/2024","8400/000 : FNB","299.00 TIME IS LTD","Account Payment","299.00 TIME IS LTD","5591.44",,"2306803.75"
,"24/07/2024","8400/000 : FNB","35.95 SHELLS.COM","Account Payment","35.95 SHELLS.COM","673.98",,"2307477.73"
,"24/07/2024","8400/000 : FNB","60.00 OPENAI","Account Payment","60.00 OPENAI","1124.86",,"2308602.59"
,"24/07/2024","8400/000 : FNB","99.00 WWW.WOLFRAMAL","Account Payment","99.00 WWW.WOLFRAMAL","1851.35",,"2310453.94"
,"25/07/2024","8400/000 : FNB","30.00 HASURA","Account Payment","30.00 HASURA","565.63",,"2311019.57"
,"25/07/2024","8400/000 : FNB","34.50 SLACK","Account Payment","34.50 SLACK","645.17",,"2311664.74"
,"25/07/2024","8400/000 : FNB","6.00 DOCKER INC","Account Payment","6.00 DOCKER INC","113.13",,"2311777.87"
,"25/07/2024","8400/000 : FNB","30.00 NETTICA CORPO","Account Payment","30.00 NETTICA CORPO","565.63",,"2312343.5"
,"26/07/2024","8400/000 : FNB","89.00 SENTRY","Account Payment","89.00 SENTRY","1678.04",,"2314021.54"
,"26/07/2024","8400/000 : FNB","1960 SQSP","Account Payment","1960 SQSP","1960",,"2315981.54"
,"26/07/2024","8400/000 : FNB","3336.00 HOLASPIRIT","Account Payment","3336.00 HOLASPIRIT","68210.19",,"2384191.73"
,"26/07/2024","8400/000 : FNB","3336.00 HOLASPIRIT","Account Payment","3336.00 HOLASPIRIT","68210.19",,"2452401.92"
,"26/07/2024","8400/000 : FNB","MATTERMOST","Account Payment","10.00 MATTERMOST","188.2",,"2452590.12"
,"26/07/2024","8400/000 : FNB","18.38 DROPBOX","Account Payment","18.38 DROPBOX","346.55",,"2452936.67"
,"26/07/2024","8400/000 : FNB","24.14 ILLUSTRATOR","Account Payment","24.14 ILLUSTRATOR","455.14",,"2453391.81"
,"26/07/2024","8400/000 : FNB","550.00 SQSP","Account Payment","550.00 SQSP","550",,"2453941.81"
,"26/07/2024","8400/000 : FNB","560.00 SQSP","Account Payment","560.00 SQSP","560",,"2454501.81"
,"26/07/2024","8400/000 : FNB","34.12 WWW.MAKE.COM","Account Payment","34.12 WWW.MAKE.COM","643.31",,"2455145.12"
,"26/07/2024","8400/000 : FNB","1320.00 SQSP","Account Payment","1320.00 SQSP","1320",,"2456465.12"
,"27/07/2024","8400/000 : FNB","27.60 LEMSQZY","Account Payment","27.60 LEMSQZY","519.45",,"2456984.57"
,"27/07/2024","8400/000 : FNB","850.46 FACEBOOK","Account Payment","850.46 FACEBOOK","850.46",,"2457835.03"
,"27/07/2024","8400/000 : FNB","150.00 AUTH0.COM","Account Payment","150.00 AUTH0.COM","2836.25",,"2460671.28"
,"29/07/2024","8400/000 : FNB","69.39 Facebook","Account Payment","69.39 Facebook","69.39",,"2460740.67"
,"30/07/2024","8400/000 : FNB","4.95 SHELLS.COM","Account Payment","4.95 SHELLS.COM","93.05",,"2460833.72"
,"30/07/2024","8400/000 : FNB","141.99 CANVA","Account Payment","141.99 CANVA","141.99",,"2460975.71"
,"30/07/2024","8400/000 : FNB","34.99 GOOGLE","Account Payment","34.99 GOOGLE","34.99",,"2461010.7"
,"30/07/2024","8400/000 : FNB","20.00 WWW.PERPLEXIT","Account Payment","20.00 WWW.PERPLEXIT","375.96",,"2461386.66"
,"30/07/2024","8400/000 : FNB","20.00 HUGGINGFACE","Account Payment","20.00 HUGGINGFACE","375.96",,"2461762.62"
,"30/07/2024","8400/000 : FNB","22.99 ADOBE","Account Payment","22.99 ADOBE","432.17",,"2462194.79"
,"30/07/2024","8400/000 : FNB","531.62 2CO.COM TEAM","Account Payment","531.62 2CO.COM TEAM","531.62",,"2462726.41"
,"30/07/2024","8400/000 : FNB","INTUIT","Account Payment","INTUIT","546.25",,"2463272.66"
,"30/07/2024","8400/000 : FNB","INTUIT","Account Payment","INTUIT","546.25",,"2463818.91"
,"30/07/2024","8400/000 : FNB","182.85 wix.com","Account Payment","182.85 wix.com","3437.27",,"2467256.18"
,"30/07/2024","8400/000 : FNB","2846.17 SHOPIFY","Account Payment","2846.17 SHOPIFY","53503.08",,"2520759.26"
,"30/07/2024","8400/000 : FNB","35.95 SHELLS.COM","Account Payment","35.95 SHELLS.COM","675.8",,"2521435.06"
,"30/07/2024","8400/000 : FNB","40.00 CURSOR AI","Account Payment","40.00 CURSOR AI PO","751.93",,"2522186.99"
,"30/07/2024","8400/000 : FNB","BEENVERIFIED","Account Payment","BEENVERIFIED","563.76",,"2522750.75"
,"31/07/2024","8400/000 : FNB","5.00 COMPONENTS","Account Payment","5.00 COMPONENTS","93.99",,"2522844.74"
,"31/07/2024","8400/000 : FNB","20.00 YOU.COM","Account Payment","20.00 YOU.COM","375.96",,"2523220.7"
,"31/07/2024","8400/000 : FNB","735.00SQSP","Account Payment","735.00 SQSP","735",,"2523955.7"
,"31/07/2024","8400/000 : FNB","33.32 DNH*DOMAIN/HO","Account Payment","33.32 DNH","806.92",,"2524762.62"
,"31/07/2024","8400/000 : FNB","1100.00 SQSP","Account Payment","1100.00 SQSP INV14","1100",,"2525862.62"
,"31/07/2024","8400/000 : FNB","5050.80 FRESHWORKS","Account Payment","5050.80 FRESHWORKS","5050.8",,"2530913.42"
,"02/08/2024","8400/000 : FNB","546.25 INTUIT","Account Payment","546.25 INTUIT","546.25",,"2531459.67"
,"02/08/2024","8400/000 : FNB","47.84 DIGITAL OCEAN","Account Payment","47.84 DIGITAL OCEAN","895.82",,"2532355.49"
,"02/08/2024","8400/000 : FNB","49.91 FRAPPE CLOUD","Account Payment","49.91 FRAPPE CLOUD","941.91",,"2533297.4"
,"03/08/2024","8400/000 : FNB","134.00 Sinc MAILGU","Account Payment","134.00 Sinch Mailgu","2509.18",,"2535806.58"
,"03/08/2024","8400/000 : FNB","298.08 gOOGLE gsUITE","Account Payment","298.08 gOOGLE gsUITE","5581.62",,"2541388.2"
,"03/08/2024","8400/000 : FNB","391.60 Google GSuit","Account Payment","391.60 Google GSuit","7954.51",,"2549342.71"
,"03/08/2024","8400/000 : FNB","46.00 Facebook","Account Payment","46.00 Facebook","861.36",,"2550204.07"
,"03/08/2024","8400/000 : FNB","1256.50 Facebook","Account Payment","1256.50 Facebook","1256.5",,"2551460.57"
,"03/08/2024","8400/000 : FNB","7.00 Glassfrog","Account Payment","7.00 Glassfrog","131.08",,"2551591.65"
,"03/08/2024","8400/000 : FNB","9.20 Facebook","Account Payment","9.20 Facebook","172.27",,"2551763.92"
,"03/08/2024","8400/000 : FNB","12.00 Google GSuite","Account Payment","12.00 Google GSuite","289.06",,"2552052.98"
,"03/08/2024","8400/000 : FNB","17.25 Slack","Account Payment","17.25 Slack","323.01",,"2552375.99"
,"03/08/2024","8400/000 : FNB","27.60 Facebook","Account Payment","27.60 Facebook","516.81",,"2552892.8"
,"03/08/2024","8400/000 : FNB","29.000 ECM A LEGALZ","Account Payment","29.000 ECM A LEGALZ","543.03",,"2553435.83"
,"03/08/2024","8400/000 : FNB","83.96 Google Gsuite","Account Payment","83.96 Google Gsuite","1705.47",,"2555141.3"
,"03/08/2024","8400/000 : FNB","1755.42 Google Cloud","Account Payment","1755.42 Google Cloud","32870.68",,"2588011.98"
,"03/08/2024","8400/000 : FNB","39.82 Google Gsuite","Account Payment","39.82 Google GSuite","808.86",,"2588820.84"
,"05/08/2024","8400/000 : FNB","BOB GROUP","Account Payment","BOB GROUP","2298.85",,"2591119.69"
,"05/08/2024","8400/000 : FNB","BOB GROUP","Account Payment","BOB GROUP","2298.85",,"2593418.54"
,"05/08/2024","8400/000 : FNB","450.0 WAPPALYZER","Account Payment","450.0 WAPPALYZER","8408.65",,"2601827.19"
,"06/08/2024","8400/000 : FNB","179.00 MOZSEO;HELP@","Account Payment","179.00 MOZSEO;HELP@","3350.81",,"2605178"
,"06/08/2024","8400/000 : FNB","222.75 GITHUB, INC","Account Payment","222.75 GITHUB, INC","4169.8",,"2609347.8"
,"06/08/2024","8400/000 : FNB","249.00 STABLE","Account Payment","249.00 STABLE","4661.2",,"2614009"
,"06/08/2024","8400/000 : FNB","253.00 WWW.WOLFRAM","Account Payment","253.00 WWW.WOLFRAM","4736.07",,"2618745.07"
,"06/08/2024","8400/000 : FNB","4.95 SHELLS.COM","Account Payment","4.95 SHELLS.COM","92.67",,"2618837.74"
,"06/08/2024","8400/000 : FNB","15.00 CAL.COM","Account Payment","15.00 CAL.COM","280.8",,"2619118.54"
,"06/08/2024","8400/000 : FNB","19.00 GITHUB INC","Account Payment","19.00 GITHUB INC","355.67",,"2619474.21"
,"06/08/2024","8400/000 : FNB","29.00 CAL.COM","Account Payment","29.00 CAL.COM","542.87",,"2620017.08"
,"06/08/2024","8400/000 : FNB","57.48 PADDLE.NET","Account Payment","57.48 PADDLE.NET","1076.01",,"2621093.09"
,"06/08/2024","8400/000 : FNB","IMSOMNIA TEAM","Account Payment","IMSOMNIA TEAM","1123.18",,"2622216.27"
,"06/08/2024","8400/000 : FNB","99.00 DMNS.APP.BUSI","Account Payment","99.00 DMNS.APP.BUSI","1853.25",,"2624069.52"
,"06/08/2024","8400/000 : FNB","99.99 JINA AI","Account Payment","99.99 JINA.AI","1871.78",,"2625941.3"
,"06/08/2024","8400/000 : FNB","2098.98 SHOPIFY","Account Payment","2098.98 SHOPIFY","39292.16",,"2665233.46"
,"06/08/2024","8400/000 : FNB","Triple Whale","Account Payment","Triple Whale","11213.07",,"2676446.53"
,"06/08/2024","8400/000 : FNB","1499.00 APPDIRECT","Account Payment","1499.00 APPDIRECT","28060.75",,"2704507.28"
,"07/08/2024","8400/000 : FNB","Sage Acc","Account Payment","Sage Acc","3160",,"2707667.28"
,"07/08/2024","8400/000 : FNB","15.00Hightail","Account Payment","15.00 hIGHTAIL","286.06",,"2707953.34"
,"07/08/2024","8400/000 : FNB","77.05 CBA Plesk","Account Payment","77.05 CBA Plesk","1442.35",,"2709395.69"
,"07/08/2024","8400/000 : FNB","99.00 Chatbase","Account Payment","99.00 Chatbase","1853.25",,"2711248.94"
,"07/08/2024","8400/000 : FNB","187.94 Paddle,Net","Account Payment","187.94 Paddle,Net","187.94",,"2711436.88"
,"08/08/2024","8400/000 : FNB","19.99 WOODCOMMERCE","Account Payment","19.99 WOODCOMMERCE","381.23",,"2711818.11"
,"08/08/2024","8400/000 : FNB","20.00 VERCEL INC","Account Payment","20.00 VERCEL INC","381.42",,"2712199.53"
,"08/08/2024","8400/000 : FNB","7.00 NPM, INC","Account Payment","7.00 NPM, INC","132.76",,"2712332.29"
,"08/08/2024","8400/000 : FNB","7.00 NPM, INC","Account Payment","7.00 NPM, INC","132.76",,"2712465.05"
,"08/08/2024","8400/000 : FNB","18.40 SHOPIFY 2604","Account Payment","18.40 SHOPIFY 2604","350.9",,"2712815.95"
,"08/08/2024","8400/000 : FNB","BOB GROUP","Account Payment","BOB GROUP","2298.85",,"2715114.8"
,"08/08/2024","8400/000 : FNB","3.60 GETADDRESS IO","Account Payment","3.60 GETADDRESS IO","87.42",,"2715202.22"
,"08/08/2024","8400/000 : FNB","7.00 NPM, INC","Account Payment","7.00 NPM, INC","132.76",,"2715334.98"
,"08/08/2024","8400/000 : FNB","9.00 GITPOD","Account Payment","9.00 GITPOD","170.7",,"2715505.68"
,"08/08/2024","8400/000 : FNB","9.00 TWENTY.COM","Account Payment","9.00 TWENTY.COM","171.64",,"2715677.32"
,"08/08/2024","8400/000 : FNB","13.80 SHOPIFY","Account Payment","13.80 SHOPIFY","263.18",,"2715940.5"
,"08/08/2024","8400/000 : FNB","13.80 SHOPIFY","Account Payment","13.80 SHOPIFY","263.18",,"2716203.68"
,"08/08/2024","8400/000 : FNB","7.00 NPM, INC","Account Payment","7.00 NPM, INC","132.76",,"2716336.44"
,"10/08/2024","8400/000 : FNB","35.00 NOTION LABS","Account Payment","35.00 NOTION LABS","663.84",,"2717000.28"
,"10/08/2024","8400/000 : FNB","99.00 STACKBLITZ","Account Payment","99.00 STACKBLITZ","1863.08",,"2718863.36"
,"10/08/2024","8400/000 : FNB","20.00 HUGGINGFACE","Account Payment","20.00 HUGGINGFACE","376.38",,"2719239.74"
,"10/08/2024","8400/000 : FNB","20.00 VERCEL INC","Account Payment","20.00 VERCEL INC","377.77",,"2719617.51"
,"10/08/2024","8400/000 : FNB","20.00 HEROKU","Account Payment","20.00 HEROKU","379.34",,"2719996.85"
,"10/08/2024","8400/000 : FNB","25.00 NOTION LABS","Account Payment","25.00 NOTION LABS","472.21",,"2720469.06"
,"10/08/2024","8400/000 : FNB","28.75 CLOUDFLARE","Account Payment","28.75 CLOUDFLARE","543.04",,"2721012.1"
,"10/08/2024","8400/000 : FNB","12.00 CODESANDBOX","Account Payment","12.00 CODESANDBOX","227.6",,"2721239.7"
,"10/08/2024","8400/000 : FNB","171.35 PADDLE.NET","Account Payment","171.35 PADDLE.NET","3236.51",,"2724476.21"
,"10/08/2024","8400/000 : FNB","99.00 MIOSALON","Account Payment","99.00 MIOSALON","1877.72",,"2726353.93"
,"10/08/2024","8400/000 : FNB","150.00 AUTH0.COM","Account Payment","150.00 AUTH0.COM","2833.25",,"2729187.18"
,"10/08/2024","8400/000 : FNB","13.8 SHOPIFY","Account Payment","13.8 SHOPIFY","261.74",,"2729448.92"
,"10/08/2024","8400/000 : FNB","20.00 CLAUDE.AI SUB","Account Payment","20.00 CLAUDE.AI SUB","376.38",,"2729825.3"
,"10/08/2024","8400/000 : FNB","99.00 MIOSALON","Account Payment","99.00 MIOSALON","1877.72",,"2731703.02"
,"10/08/2024","8400/000 : FNB","546.25 INTUIT","Account Payment","546.25 INTUIT","546.25",,"2732249.27"
,"12/08/2024","8400/000 : FNB","25.00 BEECEPTOR","Account Payment","25.00 BEECEPTOR","470.48",,"2732719.75"
,"12/08/2024","8400/000 : FNB","25.00 BEECEPTOR","Account Payment","25.00 BEECEPTOR","470.48",,"2733190.23"
,"12/08/2024","8400/000 : FNB","47.88 ELEMENTOR","Account Payment","47.88 ELEMENTOR","901.06",,"2734091.29"
,"12/08/2024","8400/000 : FNB","49.00 SKRAPP.IO","Account Payment","49.00 SKRAPP.IO","922.13",,"2735013.42"
,"12/08/2024","8400/000 : FNB","60.00 OPENAI* CHATG","Account Payment","60.00 OPENAI* CHATG","1129.14",,"2736142.56"
,"12/08/2024","8400/000 : FNB","70.00 NOTION LABS","Account Payment","70.00 NOTION LABS","1313.67",,"2737456.23"
,"12/08/2024","8400/000 : FNB","399.00 ELEMENTOR","Account Payment","399.00 ELEMENTOR","7508.77",,"2744965"
,"12/08/2024","8400/000 : FNB","1499.00 APPDIRECT","Account Payment","1499.00 APPDIRECT","28209.65",,"2773174.65"
,"12/08/2024","8400/000 : FNB","5.20 SLACK T1AS3LCE","Account Payment","5.20 SLACK T1AS3LCE","97.86",,"2773272.51"
,"12/08/2024","8400/000 : FNB","10.00 SUNO INC","Account Payment","10.00 SUNO INC","188.19",,"2773460.7"
,"13/08/2024","8400/000 : FNB","1150.00 FACEBK","Account Payment","1150.00 FACEBK","1150",,"2774610.7"
,"13/08/2024","8400/000 : FNB","6300 GITHUB","Account Payment","63.00 GITHUB","1182.3",,"2775793"
,"13/08/2024","8400/000 : FNB","80.36 GITHUB","Account Payment","80.36 GITHUB","1508.09",,"2777301.09"
,"13/08/2024","8400/000 : FNB","99.00 DYNAMIC XYZ","Account Payment","99.00 DYNAMIC XYZ","1857.9",,"2779158.99"
,"13/08/2024","8400/000 : FNB","99.00 PLAYFAB","Account Payment","99.00 PLAYFAB","1857.9",,"2781016.89"
,"13/08/2024","8400/000 : FNB","21.00 GITHUB","Account Payment","21.00 GITHUB","394.1",,"2781410.99"
,"13/08/2024","8400/000 : FNB","21.56 SLACK","Account Payment","21.56 SLACK","404.61",,"2781815.6"
,"13/08/2024","8400/000 : FNB","546.25 INTUIT","Account Payment","546.25 INTUIT","546.25",,"2782361.85"
,"13/08/2024","8400/000 : FNB","546.25 INTUIT","Account Payment","546.25 INTUIT","546.25",,"2782908.1"
,"13/08/2024","8400/000 : FNB","32.00 BUBBLE STARTE","Account Payment","32.00 BUBBLE STARTE","600.54",,"2783508.64"
,"13/08/2024","8400/000 : FNB","120.75 MANAGEWP","Account Payment","120.75 MANAGEWP","2266.07",,"2785774.71"
,"13/08/2024","8400/000 : FNB","120.75 MANAGEWP","Account Payment","120.75 MANAGEWP","2266.07",,"2788040.78"
,"13/08/2024","8400/000 : FNB","189.00 GITHUB","Account Payment","189.00 GITHUB","3546.9",,"2791587.68"
,"13/08/2024","8400/000 : FNB","499.00 CASSIDYAI.CO","Account Payment","499.00 CASSIDYAI.CO","9390.67",,"2800978.35"
,"13/08/2024","8400/000 : FNB","3633.95 SHOPIFY","Account Payment","3633.95 SHOPIFY","68197.11",,"2869175.46"
,"14/08/2024","8400/000 : FNB","15.00 TABNINE","Account Payment","15.00 Tabnine","281.5",,"2869456.96"
,"15/08/2024","8400/000 : FNB","5.00 WWW.FLUX","Account Payment","5.00 WWW.FLUX","93.51",,"2869550.47"
,"15/08/2024","8400/000 : FNB","74.75 SHOPIFY","Account Payment","74.75 SHOPIFY","1397.99",,"2870948.46"
,"15/08/2024","8400/000 : FNB","180.00 AGENCY ANALYT","Account Payment","180.00 AGENCY ANALYT","3366.39",,"2874314.85"
,"16/08/2024","8400/000 : FNB","20.00 RAILWAY","Account Payment","20.00 RAILWAY","370.52",,"2874685.37"
,"16/08/2024","8400/000 : FNB","20.00 RAILWAY","Account Payment","20.00 RAILWAY","370.52",,"2875055.89"
,"16/08/2024","8400/000 : FNB","14.00 GITHUB","Account Payment","14.00 GITHUB","261.05",,"2875316.94"
,"16/08/2024","8400/000 : FNB","546.25 INTUIT","Account Payment","546.25 INTUIT","546.25",,"2875863.19"
,"17/08/2024","8400/000 : FNB","40.00 REPLIT","Account Payment","40.00 REPLIT","741.02",,"2876604.21"
,"17/08/2024","8400/000 : FNB","120.00 OPENAI","Account Payment","120.00 OPENAI","2223.06",,"2878827.27"
,"17/08/2024","8400/000 : FNB","219.80 SLACK","Account Payment","219.80 SLACK","4071.91",,"2882899.18"
,"17/08/2024","8400/000 : FNB","25.00ANTHROPIC","Account Payment","25.00 ANTHROPIC","463.14",,"2883362.32"
,"29/08/2024","8400/000 : FNB","PURCH FIGMA","Account Payment","PURCH FIGMA","33959.72",,"2917322.04"
,"30/08/2024","8400/000 : FNB","PURCH FIGMA ANNUAL","Account Payment","PURCH FIGMA ANUAL","3773.31",,"2921095.35"
,"04/09/2024","8400/000 : FNB","BOB GROUP","Account Payment","BOB GROUP","2298.85",,"2923394.2"
,"05/09/2024","8400/000 : FNB","54.00 AIRTABLE.COM","Account Payment","54.00 AIRTABLE.COM","992.17",,"2924386.37"
,"05/09/2024","8400/000 : FNB","249.00 STABLE","Account Payment","249.00 STABLE","4575.02",,"2928961.39"
,"05/09/2024","8400/000 : FNB","1499.00 APPDIRECT","Account Payment","1499.00 APPDIRECT","27541.95",,"2956503.34"
,"06/09/2024","8400/000 : FNB","11.26 GITHUB","Account Payment","11.26 GITHUB","206.89",,"2956710.23"
,"06/09/2024","8400/000 : FNB","2063.397 SHOPIFY","Account Payment","2063.397 SHOPIFY","37922.45",,"2994632.68"
,"06/09/2024","8400/000 : FNB","1152.76 GOOGLE CLOUD","Account Payment","1152.76 GOOGLE CLOUD","21180.29",,"3015812.97"
,"06/09/2024","8400/000 : FNB","450.00 WAPPALYZER","Account Payment","450.00 WAPPALYZER","8268.1",,"3024081.07"
,"06/09/2024","8400/000 : FNB","599.00 TRIPLE WHALE","Account Payment","599.00 TRIPLE WHALE","11005.75",,"3035086.82"
,"06/09/2024","8400/000 : FNB","74.00 PIPEDREAM","Account Payment","74.00 PIPEDREAM","1359.64",,"3036446.46"
,"06/09/2024","8400/000 : FNB","77.05 CBA PLESK","Account Payment","77.05 CBA PLESK","1416.83",,"3037863.29"
,"06/09/2024","8400/000 : FNB","134.00 SINC MAILGU","Account Payment","134.00 SINC MAILGU","2462.06",,"3040325.35"
,"06/09/2024","8400/000 : FNB","150.00 AUTH0.COM","Account Payment","150.00 AUT0.COM","2756.03",,"3043081.38"
,"06/09/2024","8400/000 : FNB","5050.80 FRESHWORKS","Account Payment","5050.80 FRESHWORKS","5050.8",,"3048132.18"
,"06/09/2024","8400/000 : FNB","280.00 WIZA.CO","Account Payment","280.00 WIZA.CO","5144.59",,"3053276.77"
,"06/09/2024","8400/000 : FNB","99.99 JINA AI","Account Payment","99.99 JINA AI","1837.17",,"3055113.94"
,"06/09/2024","8400/000 : FNB","17.25 SLACK","Account Payment","17.25 SLACK","316.94",,"3055430.88"
,"06/09/2024","8400/000 : FNB","19.00 GITHUB","Account Payment","19.00 GITHUB","349.1",,"3055779.98"
,"06/09/2024","8400/000 : FNB","20.00 HUGGINGTONFACE","Account Payment","20.00 HUGGINGTONFACE","367.48",,"3056147.46"
,"09/09/2024","8400/000 : FNB","WOODCOMMERCE","Account Payment","WOODCOMMERCE","365.23",,"3056512.69"
,"09/09/2024","8400/000 : FNB","20.00 VERCEL INC","Account Payment","20.00 VERCEL INC","365.42",,"3056878.11"
,"09/09/2024","8400/000 : FNB","20.00 VERCEL INC","Account Payment","20.00 VERCEL INC","365.42",,"3057243.53"
,"10/09/2024","8400/000 : FNB","7.00 NPN","Account Payment","7.00 NPN","127.84",,"3057371.37"
,"10/09/2024","8400/000 : FNB","7.00 NPN","Account Payment","7.00 NPN","127.84",,"3057499.21"
,"10/09/2024","8400/000 : FNB","7.00 NPN","Account Payment","7.00 NPN","127.84",,"3057627.05"
,"10/09/2024","8400/000 : FNB","187.94 PADDLE NET","Account Payment","187.94 PADDLE NET","187.94",,"3057814.99"
,"10/09/2024","8400/000 : FNB","12.00 CODESANDBOX","Account Payment","12.00 CODESANDBOX","219.14",,"3058034.13"
,"10/09/2024","8400/000 : FNB","99.00 CHATBASE","Account Payment","99.00 CHATBASE","1807.92",,"3059842.05"
,"10/09/2024","8400/000 : FNB","7.00 NPN","Account Payment","7.00NPM","127.84",,"3059969.89"
,"10/09/2024","8400/000 : FNB","6.00 DOCKER INC","Account Payment","6.00 DOCKER INC","109.57",,"3060079.46"
,"10/09/2024","8400/000 : FNB","546.25 INTUIT","Account Payment","546.25INTUIT","546.25",,"3060625.71"
,"10/09/2024","8400/000 : FNB","10.00 MATTERMOST","Account Payment","10.00 MATTERMOST","182.62",,"3060808.33"
,"10/09/2024","8400/000 : FNB","15.00 CAL.COM","Account Payment","15.00 CAL.COM","273.93",,"3061082.26"
,"10/09/2024","8400/000 : FNB","15.00 HIGHTAIL","Account Payment","15.00 HIGHTAIL","273.93",,"3061356.19"
,"10/09/2024","8400/000 : FNB","25.00 NOTION LABS","Account Payment","25.00 NOTION LABS","456.54",,"3061812.73"
,"10/09/2024","8400/000 : FNB","27.60 LEMSQZY","Account Payment","27.60 LEMSQZY","504.02",,"3062316.75"
,"10/09/2024","8400/000 : FNB","171.35 PADDLE.NET","Account Payment","171.35 PADDLE.NET","3129.16",,"3065445.91"
,"10/09/2024","8400/000 : FNB","150.00 AUTH0.COM","Account Payment","150.00 AUTH0.COM","2739.26",,"3068185.17"
,"10/09/2024","8400/000 : FNB","34.99 GOOGLE","Account Payment","34.99 GOOGLE","34.99",,"3068220.16"
,"10/09/2024","8400/000 : FNB","3.60 GETADDRRESS","Account Payment","3.60 GETADDRESS","86.23",,"3068306.39"
,"10/09/2024","8400/000 : FNB","52.91 WONDERSHARE","Account Payment","52.91 WONDERHARE","966.23",,"3069272.62"
,"10/09/2024","8400/000 : FNB","99.00 MIOSALON","Account Payment","99.00 MIOSALON","1807.92",,"3071080.54"
,"10/09/2024","8400/000 : FNB","253.00 WWW.WOLFRAM","Account Payment","253.00 WWW.WOLFRAM","4620.22",,"3075700.76"
,"10/09/2024","8400/000 : FNB","MIOSALON","Account Payment","MIOSALON","1807.92",,"3077508.68"
,"10/09/2024","8400/000 : FNB","111.77 NOTION LABS","Account Payment","111.77 NOTION LABS","2041.12",,"3079549.8"
,"10/09/2024","8400/000 : FNB","120.75 MANAGEWP","Account Payment","120.75 MANAGEWP","2205.11",,"3081754.91"
,"10/09/2024","8400/000 : FNB","120.75 MANAGEWP","Account Payment","120.75 MANAGEWP","2205.11",,"3083960.02"
,"10/09/2024","8400/000 : FNB","59.00 GREENBACK.COM","Account Payment","59.00 GREENBACK.COM","1077.45",,"3085037.47"
,"10/09/2024","8400/000 : FNB","89.00 SENTRY","Account Payment","89.00 SENTRY","1625.3",,"3086662.77"
,"10/09/2024","8400/000 : FNB","28.75 CLOUDFARE","Account Payment","28.75 CLOUDFARE","525.02",,"3087187.79"
,"10/09/2024","8400/000 : FNB","29.00 CAL.COM","Account Payment","29.00 CAL.COM","529.59",,"3087717.38"
,"11/09/2024","8400/000 : FNB","GLASS FROG","Account Payment","GLASSFROG","127.84",,"3087845.22"
,"11/09/2024","8400/000 : FNB","30.00 ISHRAQ LLC","Account Payment","30.00 ISHRAQ LLC","547.85",,"3088393.07"
,"11/09/2024","8400/000 : FNB","18.38 DROPBOX","Account Payment","18.38 DROPBOX","335.65",,"3088728.72"
,"11/09/2024","8400/000 : FNB","20.00 HEROKU","Account Payment","20.00 HEROKU","365.23",,"3089093.95"
,"11/09/2024","8400/000 : FNB","20.00 VERCEL","Account Payment","20.00 VERCEL","365.23",,"3089459.18"
,"11/09/2024","8400/000 : FNB","GITPOD","Account Payment","GITPOD","164.91",,"3089624.09"
,"11/09/2024","8400/000 : FNB","FACEBOOK","Account Payment","FACEBOOK","168",,"3089792.09"
,"11/09/2024","8400/000 : FNB","10.00 SUNO INC","Account Payment","10.00 SUNO INC","182.62",,"3089974.71"
,"11/09/2024","8400/000 : FNB","ADOBE","Account Payment","ADOBE","419.84",,"3090394.55"
,"11/09/2024","8400/000 : FNB","BEECEPTOR","Account Payment","BEECEPTOR","456.54",,"3090851.09"
,"11/09/2024","8400/000 : FNB","BEECEPTOR","Account Payment","BEECEPTOR","456.54",,"3091307.63"
,"11/09/2024","8400/000 : FNB","27.60 FACEBOOK","Account Payment","27.60 FACEBOOK","504.02",,"3091811.65"
,"11/09/2024","8400/000 : FNB","REPLIT","Account Payment","REPLIT","732.97",,"3092544.62"
,"11/09/2024","8400/000 : FNB","20.00 HUGGINGFACE","Account Payment","20.00 HUGGINGFACE","366.49",,"3092911.11"
,"11/09/2024","8400/000 : FNB","46.00 FACEBOOK EMMQ9","Account Payment","46.00 FACEBOOK EMMQ9","840.04",,"3093751.15"
,"11/09/2024","8400/000 : FNB","60.00 OPENAI","Account Payment","60.00 OPENAI","1095.7",,"3094846.85"
,"11/09/2024","8400/000 : FNB","70.00 NOTION LABS","Account Payment","70.00 NOTION LABS","1282.7",,"3096129.55"
,"11/09/2024","8400/000 : FNB","179.00 MOZSEO:HELP","Account Payment","179.00 MOZSEO:HELP","3268.86",,"3099398.41"
,"11/09/2024","8400/000 : FNB","47.84 DIGITAL OCEAN","Account Payment","47.84 DIGITAL OCEAN","873.64",,"3100272.05"
,"11/09/2024","8400/000 : FNB","49.00 SKRAPP.IO","Account Payment","49.00 SKRAPP.IO","894.83",,"3101166.88"
,"11/09/2024","8400/000 : FNB","BEENVERIFIED","Account Payment","BEENVERIFIED","547.67",,"3101714.55"
,"11/09/2024","8400/000 : FNB","499.00 CASSIDY AI","Account Payment","499.00 CASSIDY AI","9112.62",,"3110827.17"
,"11/09/2024","8400/000 : FNB","1499 APPDIRECT","Account Payment","1499 APPDIRECT","27374.38",,"3138201.55"
,"12/09/2024","8400/000 : FNB","21.00 GITHUB","Account Payment","21.00 GITHUB","384.81",,"3138586.36"
,"12/09/2024","8400/000 : FNB","21.56 SLACK","Account Payment","21.56 SLACK","395.08",,"3138981.44"
,"12/09/2024","8400/000 : FNB","5.00 COMPONENTS.STU","Account Payment","5.00 COMPONENTS.STU","91.62",,"3139073.06"
,"12/09/2024","8400/000 : FNB","6.00 WWW.DEVIANTART","Account Payment","6.00 WWW.DEVIANTART","109.95",,"3139183.01"
,"12/09/2024","8400/000 : FNB","74.97 WWW.DEVINTAR","Account Payment","74.97 WWW.DEVINTAR","1373.78",,"3140556.79"
,"12/09/2024","8400/000 : FNB","99.00 DYNAMICS","Account Payment","99.00 DYNAMICS","1815.67",,"3142372.46"
,"12/09/2024","8400/000 : FNB","3783.47 SHOPIFY","Account Payment","3783.47 SHOPIFY","69329.43",,"3211701.89"
,"12/09/2024","8400/000 : FNB","32.00 BUBBLE STARTE","Account Payment","32.00 BUBBLE STARTE","586.89",,"3212288.78"
,"13/09/2024","8400/000 : FNB","189 GITHUB","Account Payment","189 GITHUB","3466.28",,"3215755.06"
,"13/09/2024","8400/000 : FNB","63.00 GITHUB","Account Payment","63.00 GITHUB","1155.43",,"3216910.49"
,"13/09/2024","8400/000 : FNB","99.00 DMNS APP","Account Payment","99.00 DMNS APP","1815.67",,"3218726.16"
,"13/09/2024","8400/000 : FNB","9.00 Twenty.com","Account Payment","9.00 Twenty.com","165.06",,"3218891.22"
,"13/09/2024","8400/000 : FNB","21.00 GITHUB","Account Payment","21.00 GITHUB","385.14",,"3219276.36"
,"13/09/2024","8400/000 : FNB","546.25 INTUIT","Account Payment","546.25 INTUIT","546.25",,"3219822.61"
,"13/09/2024","8400/000 : FNB","546.25 INTUIT","Account Payment","546.25 INTUIT","546.25",,"3220368.86"
,"13/09/2024","8400/000 : FNB","60.00 IMSOMNIA TEAM","Account Payment","60.00 INSOMNIA TEAM","1101.47",,"3221470.33"
,"14/09/2024","8400/000 : FNB","9.00 GITPOD","Account Payment","9.00 GITPOD","165.22",,"3221635.55"
,"14/09/2024","8400/000 : FNB","15.00 TABNINE","Account Payment","15.00 TABNINE","275.37",,"3221910.92"
,"14/09/2024","8400/000 : FNB","20.00 CLAUDE AI SUB","Account Payment","20.00 CLAUDE AI SUB","367.83",,"3222278.75"
,"14/09/2024","8400/000 : FNB","67.85 LEMSQZY","Account Payment","67.85 LEMSQZY","1247.87",,"3223526.62"
,"14/09/2024","8400/000 : FNB","74.75 SHOPIFY","Account Payment","74.75 SHOPIFY","1372.24",,"3224898.86"
,"14/09/2024","8400/000 : FNB","182.85 Wix.Com","Account Payment","182.85 Wix.Com","3350.6",,"3228249.46"
,"14/09/2024","8400/000 : FNB","TIME IS LD","Account Payment","TIME IS LTD","5499.09",,"3233748.55"
,"16/09/2024","8400/000 : FNB","5.00 WWW.FLUX.AI 4XX*5191 13 SEP XX2545 5.00 WWW.FLUX.AI 4XXXXX*5191 13 SEP XXXXXXXXXXXXXXXXXXX2545","Account Payment","5.00 WWW.FLUX.AI 4XX*5191 13 SEP XX2545 5.00 WWW.FLUX.AI 4XXXXX*5191 13 SEP XXXXXXXXXXXXXXXXXXX2545","91.95",,"3233840.5"
,"16/09/2024","8400/000 : FNB","180.00 AGENCYANALYT 4XX*5225 13 SEP XX3287 180.00 AGENCYANALYT 4XXXXX*5225 13 SEP XXXXXXXXXXXXXXXXXX","Account Payment","180.00 AGENCYANALYT 4XX*5225 13 SEP XX3287 180.00 AGENCYANALYT 4XXXXX*5225 13 SEP XXXXXXXXXXXXXXXXX","3310.49",,"3237150.99"
,"16/09/2024","8400/000 : FNB","59.13 PADDLE.NET* W 4XX*5191 14 SEP XX6854 59.13 PADDLE.NET* W 4XXXXX*5191 14 SEP XXXXXXXXXXXXXXXXXX","Account Payment","59.13 PADDLE.NET* W 4XX*5191 14 SEP XX6854 59.13 PADDLE.NET* W 4XXXXX*5191 14 SEP XXXXXXXXXXXXXXXXX","1075.61",,"3238226.6"
,"17/09/2024","8400/000 : FNB","376.40 HOLASPIRIT 4XX*5225 15 SEP XX9821 376.40 HOLASPIRIT 4XXXXX*5225 15 SEP XXXXXXXXXXXXXXXXXXX982","Account Payment","376.40 HOLASPIRIT 4XX*5225 15 SEP XX9821 376.40 HOLASPIRIT 4XXXXX*5225 15 SEP XXXXXXXXXXXXXXXXXXX98","7580.82",,"3245807.42"
,"17/09/2024","8400/000 : FNB","280.00 WIZA.CO 4XX*5191 14 SEP XX1231 280.00 WIZA.CO 4XXXXX*5191 14 SEP XXXXXXXXXXXXXXXXXXX1231","Account Payment","280.00 WIZA.CO 4XX*5191 14 SEP XX1231 280.00 WIZA.CO 4XXXXX*5191 14 SEP XXXXXXXXXXXXXXXXXXX1231","5093.39",,"3250900.81"
,"17/09/2024","8400/000 : FNB","231.95 HOLASPIRIT 4XX*5225 15 SEP XX9445 231.95 HOLASPIRIT 4XXXXX*5225 15 SEP XXXXXXXXXXXXXXXXXXX944","Account Payment","231.95 HOLASPIRIT 4XX*5225 15 SEP XX9445 231.95 HOLASPIRIT 4XXXXX*5225 15 SEP XXXXXXXXXXXXXXXXXXX94","4671.56",,"3255572.37"
,"17/09/2024","8400/000 : FNB","169.73 SLACK T0MN3D 4XX*5225 15 SEP XX5270 169.73 SLACK T0MN3D 4XXXXX*5225 15 SEP XXXXXXXXXXXXXXXXXX","Account Payment","169.73 SLACK T0MN3D 4XX*5225 15 SEP XX5270 169.73 SLACK T0MN3D 4XXXXX*5225 15 SEP XXXXXXXXXXXXXXXXX","3087.5",,"3258659.87"
,"17/09/2024","8400/000 : FNB","120.00 OPENAI *CHAT 4XX*5191 14 SEP XX9868 120.00 OPENAI *CHAT 4XXXXX*5191 14 SEP XXXXXXXXXXXXXXXXXX","Account Payment","120.00 OPENAI *CHAT 4XX*5191 14 SEP XX9868 120.00 OPENAI *CHAT 4XXXXX*5191 14 SEP XXXXXXXXXXXXXXXXX","2182.88",,"3260842.75"
,"17/09/2024","8400/000 : FNB","20.00 RAILWAY 4XX*5191 14 SEP XX6380 20.00 RAILWAY 4XXXXX*5191 14 SEP XXXXXXXXXXXXXXXXXXX6380","Account Payment","20.00 RAILWAY 4XX*5191 14 SEP XX6380 20.00 RAILWAY 4XXXXX*5191 14 SEP XXXXXXXXXXXXXXXXXXX6380","363.81",,"3261206.56"
,"17/09/2024","8400/000 : FNB","Github Inc. 14.00 GITHUB, INC. 4XXXXX*5225 14 SEP XXXXXXXXXXXXXXXXXXX0544 Github Inc.","Account Payment","Github Inc. 14.00 GITHUB, INC. 4XXXXX*5225 14 SEP XXXXXXXXXXXXXXXXXXX0544 Github Inc.","254.67",,"3261461.23"
,"17/09/2024","8400/000 : FNB","Facebook 182.85 FACEBK *R9LP 4XXXXX*5191 15 SEP XXXXXXXXXXXXXXXXXXX4054 Facebook","Account Payment","Facebook 182.85 FACEBK *R9LP 4XXXXX*5191 15 SEP XXXXXXXXXXXXXXXXXXX4054 Facebook","182.85",,"3261644.08"
,"17/09/2024","8400/000 : FNB","59.38 REPLIT, INC. 4XX*5191 14 SEP XX1950 59.38 REPLIT, INC. 4XXXXX*5191 14 SEP XXXXXXXXXXXXXXXXXXX1","Account Payment","59.38 REPLIT, INC. 4XX*5191 14 SEP XX1950 59.38 REPLIT, INC. 4XXXXX*5191 14 SEP XXXXXXXXXXXXXXXXXXX","1080.16",,"3262724.24"
,"17/09/2024","8400/000 : FNB","49.91 FRAPPE CLOUD 4XX*5191 14 SEP XX5899 49.91 FRAPPE CLOUD 4XXXXX*5191 14 SEP XXXXXXXXXXXXXXXXXXX5","Account Payment","49.91 FRAPPE CLOUD 4XX*5191 14 SEP XX5899 49.91 FRAPPE CLOUD 4XXXXX*5191 14 SEP XXXXXXXXXXXXXXXXXXX","907.89",,"3263632.13"
,"17/09/2024","8400/000 : FNB","Facebook 693.43 FACEBK *DT6B 4XXXXX*5191 15 SEP XXXXXXXXXXXXXXXXXXX2180 Facebook","Account Payment","Facebook 693.43 FACEBK *DT6B 4XXXXX*5191 15 SEP XXXXXXXXXXXXXXXXXXX2180 Facebook","693.43",,"3264325.56"
,"17/09/2024","8400/000 : FNB","Intuit 546.25 INTUIT *QBoo 4XXXXX*5225 14 SEP XXXXXXXXXXXXXXXXXXX3895 Intuit","Account Payment","Intuit 546.25 INTUIT *QBoo 4XXXXX*5225 14 SEP XXXXXXXXXXXXXXXXXXX3895 Intuit","546.25",,"3264871.81"
,"17/09/2024","8400/000 : FNB","30.00 HASURA 4XX*5191 13 SEP XX6640 30.00 HASURA 4XXXXX*5191 13 SEP XXXXXXXXXXXXXXXXXXX6640","Account Payment","30.00 HASURA 4XX*5191 13 SEP XX6640 30.00 HASURA 4XXXXX*5191 13 SEP XXXXXXXXXXXXXXXXXXX6640","545.72",,"3265417.53"
,"17/09/2024","8400/000 : FNB","20.00 RAILWAY 4XX*5191 14 SEP XX6503 20.00 RAILWAY 4XXXXX*5191 14 SEP XXXXXXXXXXXXXXXXXXX6503","Account Payment","20.00 RAILWAY 4XX*5191 14 SEP XX6503 20.00 RAILWAY 4XXXXX*5191 14 SEP XXXXXXXXXXXXXXXXXXX6503","363.81",,"3265781.34"
,"18/09/2024","8400/000 : FNB","3336.00 HOLASPIRIT 4XXXXX*5225 15 SEP XXXXXXXXXXXXXXXXXXX3291 3336.00 HOLASPIRIT 4XXXXX*5225 15 SEP","Account Receipt","3336.00 HOLASPIRIT 4XXXXX*5225 15 SEP XXXXXXXXXXXXXXXXXXX3291 3336.00 HOLASPIRIT 4XXXXX*5225 15 SEP",,"63849.88","3201931.46"
,"18/09/2024","8400/000 : FNB","3336.00 HOLASPIRIT 4XXXXX*5225 15 SEP XXXXXXXXXXXXXXXXXXX2408 3336.00 HOLASPIRIT 4XXXXX*5225 15 SEP","Account Receipt","3336.00 HOLASPIRIT 4XXXXX*5225 15 SEP XXXXXXXXXXXXXXXXXXX2408 3336.00 HOLASPIRIT 4XXXXX*5225 15 SEP",,"63849.88","3138081.58"
,"18/09/2024","8400/000 : FNB","1028.82 HOLASPIRIT 4XX*5225 17 SEP XX2685 1028.82 HOLASPIRIT 4XXXXX*5225 17 SEP XXXXXXXXXXXXXXXXXXX2","Account Payment","1028.82 HOLASPIRIT 4XX*5225 17 SEP XX2685 1028.82 HOLASPIRIT 4XXXXX*5225 17 SEP XXXXXXXXXXXXXXXXXXX","20675.6",,"3158757.18"
,"18/09/2024","8400/000 : FNB","633.99 HOLASPIRIT 4XX*5225 17 SEP XX9141 633.99 HOLASPIRIT 4XXXXX*5225 17 SEP XXXXXXXXXXXXXXXXXXX914","Account Payment","633.99 HOLASPIRIT 4XX*5225 17 SEP XX9141 633.99 HOLASPIRIT 4XXXXX*5225 17 SEP XXXXXXXXXXXXXXXXXXX91","12740.93",,"3171498.11"
,"19/09/2024","8400/000 : FNB","99.00 PLAYFAB, INC. 4XX*5191 17 SEP XX5490 99.00 PLAYFAB, INC. 4XXXXX*5191 17 SEP XXXXXXXXXXXXXXXXXX","Account Payment","99.00 PLAYFAB, INC. 4XX*5191 17 SEP XX5490 99.00 PLAYFAB, INC. 4XXXXX*5191 17 SEP XXXXXXXXXXXXXXXXX","1794.78",,"3173292.89"
,"21/09/2024","8400/000 : FNB","59.00 GREENBACK.COM 4XX*5225 19 SEP XX3462 59.00 GREENBACK.COM 4XXXXX*5225 19 SEP XXXXXXXXXXXXXXXXXX","Account Payment","59.00 GREENBACK.COM 4XX*5225 19 SEP XX3462 59.00 GREENBACK.COM 4XXXXX*5225 19 SEP XXXXXXXXXXXXXXXXX","1062.4",,"3174355.29"
,"23/09/2024","8400/000 : FNB","74.00 PIPEDREAM, IN 4XX*5191 20 SEP XX6096 74.00 PIPEDREAM, IN 4XXXXX*5191 20 SEP XXXXXXXXXXXXXXXXXX","Account Payment","74.00 PIPEDREAM, IN 4XX*5191 20 SEP XX6096 74.00 PIPEDREAM, IN 4XXXXX*5191 20 SEP XXXXXXXXXXXXXXXXX","1331.28",,"3175686.57"
,"23/09/2024","8400/000 : FNB","54.00 AIRTABLE.COM/ 4XX*5191 21 SEP XX6622 54.00 AIRTABLE.COM/ 4XXXXX*5191 21 SEP XXXXXXXXXXXXXXXXXX","Account Payment","54.00 AIRTABLE.COM/ 4XX*5191 21 SEP XX6622 54.00 AIRTABLE.COM/ 4XXXXX*5191 21 SEP XXXXXXXXXXXXXXXXX","969.41",,"3176655.98"
,"25/09/2024","8400/000 : FNB","299.00 ORG CHART 4XX*5191 22 SEP XX3450 299.00 ORG CHART 4XXXXX*5191 22 SEP XXXXXXXXXXXXXXXXXXX3450","Account Payment","299.00 ORG CHART 4XX*5191 22 SEP XX3450 299.00 ORG CHART 4XXXXX*5191 22 SEP XXXXXXXXXXXXXXXXXXX3450","5367.65",,"3182023.63"
,"25/09/2024","8400/000 : FNB","140.00 NOTION LABS, 4XX*5191 23 SEP XX2354 140.00 NOTION LABS, 4XXXXX*5191 23 SEP XXXXXXXXXXXXXXXXXX","Account Payment","140.00 NOTION LABS, 4XX*5191 23 SEP XX2354 140.00 NOTION LABS, 4XXXXX*5191 23 SEP XXXXXXXXXXXXXXXXX","2513.28",,"3184536.91"
,"25/09/2024","8400/000 : FNB","89.00 SENTRY 4XX*5191 24 SEP XX9774 89.00 SENTRY 4XXXXX*5191 24 SEP XXXXXXXXXXXXXXXXXXX9774","Account Payment","89.00 SENTRY 4XX*5191 24 SEP XX9774 89.00 SENTRY 4XXXXX*5191 24 SEP XXXXXXXXXXXXXXXXXXX9774","1586.83",,"3186123.74"
,"25/09/2024","8400/000 : FNB","Shopify 43.00 SHOPIFY* 2768 4XXXXX*5191 23 SEP XXXXXXXXXXXXXXXXXXX1524 Shopify","Account Payment","Shopify 43.00 SHOPIFY* 2768 4XXXXX*5191 23 SEP XXXXXXXXXXXXXXXXXXX1524 Shopify","771.94",,"3186895.68"
,"25/09/2024","8400/000 : FNB","Shopify 37.00 SHOPIFY* 2764 4XXXXX*5191 23 SEP XXXXXXXXXXXXXXXXXXX8044 Shopify","Account Payment","Shopify 37.00 SHOPIFY* 2764 4XXXXX*5191 23 SEP XXXXXXXXXXXXXXXXXXX8044 Shopify","664.22",,"3187559.9"
,"25/09/2024","8400/000 : FNB","Shopify 37.00 SHOPIFY* 2764 4XXXXX*5191 23 SEP XXXXXXXXXXXXXXXXXXX0114 Shopify","Account Payment","Shopify 37.00 SHOPIFY* 2764 4XXXXX*5191 23 SEP XXXXXXXXXXXXXXXXXXX0114 Shopify","664.22",,"3188224.12"
,"25/09/2024","8400/000 : FNB","Shopify 37.00 SHOPIFY* 2764 4XXXXX*5191 23 SEP XXXXXXXXXXXXXXXXXXX6880 Shopify","Account Payment","Shopify 37.00 SHOPIFY* 2764 4XXXXX*5191 23 SEP XXXXXXXXXXXXXXXXXXX6880 Shopify","664.22",,"3188888.34"
,"25/09/2024","8400/000 : FNB","Shopify 37.00 SHOPIFY* 2764 4XXXXX*5191 22 SEP XXXXXXXXXXXXXXXXXXX2271 Shopify","Account Payment","Shopify 37.00 SHOPIFY* 2764 4XXXXX*5191 22 SEP XXXXXXXXXXXXXXXXXXX2271 Shopify","664.22",,"3189552.56"
,"25/09/2024","8400/000 : FNB","Shopify 37.00 SHOPIFY* 2765 4XXXXX*5191 23 SEP XXXXXXXXXXXXXXXXXXX0162 Shopify","Account Payment","Shopify 37.00 SHOPIFY* 2765 4XXXXX*5191 23 SEP XXXXXXXXXXXXXXXXXXX0162 Shopify","664.22",,"3190216.78"
,"25/09/2024","8400/000 : FNB","Shopify 37.00 SHOPIFY* 2767 4XXXXX*5191 23 SEP XXXXXXXXXXXXXXXXXXX5317 Shopify","Account Payment","Shopify 37.00 SHOPIFY* 2767 4XXXXX*5191 23 SEP XXXXXXXXXXXXXXXXXXX5317 Shopify","664.22",,"3190881"
,"25/09/2024","8400/000 : FNB","30.00 HASURA 4XX*5191 23 SEP XX0406 30.00 HASURA 4XXXXX*5191 23 SEP XXXXXXXXXXXXXXXXXXX0406","Account Payment","30.00 HASURA 4XX*5191 23 SEP XX0406 30.00 HASURA 4XXXXX*5191 23 SEP XXXXXXXXXXXXXXXXXXX0406","534.89",,"3191415.89"
,"25/09/2024","8400/000 : FNB","Shopify 25.00 SHOPIFY* 2768 4XXXXX*5191 23 SEP XXXXXXXXXXXXXXXXXXX1313 Shopify","Account Payment","Shopify 25.00 SHOPIFY* 2768 4XXXXX*5191 23 SEP XXXXXXXXXXXXXXXXXXX1313 Shopify","448.8",,"3191864.69"
,"25/09/2024","8400/000 : FNB","Shopify 15.00 SHOPIFY* 2764 4XXXXX*5191 22 SEP XXXXXXXXXXXXXXXXXXX1570 Shopify","Account Payment","Shopify 15.00 SHOPIFY* 2764 4XXXXX*5191 22 SEP XXXXXXXXXXXXXXXXXXX1570 Shopify","269.28",,"3192133.97"
,"25/09/2024","8400/000 : FNB","6.00 DOCKER, INC. 4XX*5191 24 SEP XX2274 6.00 DOCKER, INC. 4XXXXX*5191 24 SEP XXXXXXXXXXXXXXXXXXX227","Account Payment","6.00 DOCKER, INC. 4XX*5191 24 SEP XX2274 6.00 DOCKER, INC. 4XXXXX*5191 24 SEP XXXXXXXXXXXXXXXXXXX22","106.98",,"3192240.95"
,"26/09/2024","8400/000 : FNB","Dropbox 18.38 DROPBOX*8GVP6 4XXXXX*5191 24 SEP XXXXXXXXXXXXXXXXXXX0448 Dropbox","Account Payment","Dropbox 18.38 DROPBOX*8GVP6 4XXXXX*5191 24 SEP XXXXXXXXXXXXXXXXXXX0448 Dropbox","327.71",,"3192568.66"
,"26/09/2024","8400/000 : FNB","10.00 MATTERMOST 4XX*5191 24 SEP XX1137 10.00 MATTERMOST 4XXXXX*5191 24 SEP XXXXXXXXXXXXXXXXXXX1137","Account Payment","10.00 MATTERMOST 4XX*5191 24 SEP XX1137 10.00 MATTERMOST 4XXXXX*5191 24 SEP XXXXXXXXXXXXXXXXXXX1137","177.4",,"3192746.06"
,"27/09/2024","8400/000 : FNB","BT Group BOB GROUP 4XXXXX*5191 24 SEP XXXXXXXXXXXXXXXXXXX1518 BT Group","Account Payment","BT Group BOB GROUP 4XXXXX*5191 24 SEP XXXXXXXXXXXXXXXXXXX1518 BT Group","2298.85",,"3195044.91"
,"27/09/2024","8400/000 : FNB","27.60 LEMSQZY* CODE 4XX*5191 25 SEP XX2974 27.60 LEMSQZY* CODE 4XXXXX*5191 25 SEP XXXXXXXXXXXXXXXXXX","Account Payment","27.60 LEMSQZY* CODE 4XX*5191 25 SEP XX2974 27.60 LEMSQZY* CODE 4XXXXX*5191 25 SEP XXXXXXXXXXXXXXXXX","489.62",,"3195534.53"
,"27/09/2024","8400/000 : FNB","399.99 POE.COM 4XX*5191 26 SEP XX1799 399.99 POE.COM 4XXXXX*5191 26 SEP XXXXXXXXXXXXXXXXXXX1799","Account Payment","399.99 POE.COM 4XX*5191 26 SEP XX1799 399.99 POE.COM 4XXXXX*5191 26 SEP XXXXXXXXXXXXXXXXXXX1799","399.99",,"3195934.52"
,"27/09/2024","8400/000 : FNB","150.00 AUTH0.COM 4XX*5191 25 SEP XX2241 150.00 AUTH0.COM 4XXXXX*5191 25 SEP XXXXXXXXXXXXXXXXXXX2241","Account Payment","150.00 AUTH0.COM 4XX*5191 25 SEP XX2241 150.00 AUTH0.COM 4XXXXX*5191 25 SEP XXXXXXXXXXXXXXXXXXX2241","2660.99",,"3198595.51"
,"28/09/2024","8400/000 : FNB","20.00 HUGGINGFACE 4XX*5191 27 SEP XX9619 20.00 HUGGINGFACE 4XXXXX*5191 27 SEP XXXXXXXXXXXXXXXXXXX961","Account Payment","20.00 HUGGINGFACE 4XX*5191 27 SEP XX9619 20.00 HUGGINGFACE 4XXXXX*5191 27 SEP XXXXXXXXXXXXXXXXXXX96","353.55",,"3198949.06"
,"30/09/2024","8400/000 : FNB","Shopify 28.00 SHOPIFY* 2786 4XXXXX*5191 27 SEP XXXXXXXXXXXXXXXXXXX4554 Shopify","Account Payment","Shopify 28.00 SHOPIFY* 2786 4XXXXX*5191 27 SEP XXXXXXXXXXXXXXXXXXX4554 Shopify","494.97",,"3199444.03"
,"30/09/2024","8400/000 : FNB","Adobe Systems 22.99 Adobe 4XXXXX*5191 28 SEP XXXXXXXXXXXXXXXXXXX9556 Adobe Systems","Account Payment","Adobe Systems 22.99 Adobe 4XXXXX*5191 28 SEP XXXXXXXXXXXXXXXXXXX9556 Adobe Systems","406.41",,"3199850.44"
,"01/10/2024","8400/000 : FNB","9.00 GITPOD.IO 4XX*5191 28 SEP XX4180 9.00 GITPOD.IO 4XXXXX*5191 28 SEP XXXXXXXXXXXXXXXXXXX4180","Account Payment","9.00 GITPOD.IO 4XX*5191 28 SEP XX4180 9.00 GITPOD.IO 4XXXXX*5191 28 SEP XXXXXXXXXXXXXXXXXXX4180","158.39",,"3200008.83"
,"01/10/2024","8400/000 : FNB","Canva 141.99 CANVA* I0428 4XXXXX*5225 29 SEP XXXXXXXXXXXXXXXXXXX5982 Canva","Account Payment","Canva 141.99 CANVA* I0428 4XXXXX*5225 29 SEP XXXXXXXXXXXXXXXXXXX5982 Canva","141.99",,"3200150.82"
,"01/10/2024","8400/000 : FNB","5.00 COMPONENTS.STU 4XX*5191 29 SEP XX8889 5.00 COMPONENTS.STU 4XXXXX*5191 29 SEP XXXXXXXXXXXXXXXXXX","Account Payment","5.00 COMPONENTS.STU 4XX*5191 29 SEP XX8889 5.00 COMPONENTS.STU 4XXXXX*5191 29 SEP XXXXXXXXXXXXXXXXX","88",,"3200238.82"
,"01/10/2024","8400/000 : FNB","Google 298.08 GOOGLE*GSUIT 4XXXXX*5191 28 SEP XXXXXXXXXXXXXXXXXXX3509 Google","Account Payment","Google 298.08 GOOGLE*GSUIT 4XXXXX*5191 28 SEP XXXXXXXXXXXXXXXXXXX3509 Google","5245.84",,"3205484.66"
,"01/10/2024","8400/000 : FNB","5050.80 FRESHWORKS 4XX*5225 29 SEP XX0394 5050.80 FRESHWORKS 4XXXXX*5225 29 SEP XXXXXXXXXXXXXXXXXXX0","Account Payment","5050.80 FRESHWORKS 4XX*5225 29 SEP XX0394 5050.80 FRESHWORKS 4XXXXX*5225 29 SEP XXXXXXXXXXXXXXXXXXX","5050.8",,"3210535.46"
,"01/10/2024","8400/000 : FNB","29.99 BEENVERIFIED 4XX*5191 28 SEP XX2017 29.99 BEENVERIFIED 4XXXXX*5191 28 SEP XXXXXXXXXXXXXXXXXXX2","Account Payment","29.99 BEENVERIFIED 4XX*5191 28 SEP XX2017 29.99 BEENVERIFIED 4XXXXX*5191 28 SEP XXXXXXXXXXXXXXXXXXX","527.79",,"3211063.25"
,"01/10/2024","8400/000 : FNB","268.80 SQSP* INV151 4XX*5191 29 SEP XX7738 268.80 SQSP* INV151 4XXXXX*5191 29 SEP XXXXXXXXXXXXXXXXXX","Account Payment","268.80 SQSP* INV151 4XX*5191 29 SEP XX7738 268.80 SQSP* INV151 4XXXXX*5191 29 SEP XXXXXXXXXXXXXXXXX","268.8",,"3211332.05"
,"01/10/2024","8400/000 : FNB","268.80 SQSP* INV151 4XX*5191 29 SEP XX7670 268.80 SQSP* INV151 4XXXXX*5191 29 SEP XXXXXXXXXXXXXXXXXX","Account Payment","268.80 SQSP* INV151 4XX*5191 29 SEP XX7670 268.80 SQSP* INV151 4XXXXX*5191 29 SEP XXXXXXXXXXXXXXXXX","268.8",,"3211600.85"
,"02/10/2024","8400/000 : FNB","119.94 CLINICSOFTWA 4XX*5225 30 SEP XX7033 119.94 CLINICSOFTWA 4XXXXX*5225 30 SEP XXXXXXXXXXXXXXXXXX","Account Payment","119.94 CLINICSOFTWA 4XX*5225 30 SEP XX7033 119.94 CLINICSOFTWA 4XXXXX*5225 30 SEP XXXXXXXXXXXXXXXXX","2827.41",,"3214428.26"
,"02/10/2024","8400/000 : FNB","Digitalocean 47.84 DIGITALOCEAN. 4XXXXX*5191 01 OCT XXXXXXXXXXXXXXXXXXX7200 Digitalocean","Account Payment","Digitalocean 47.84 DIGITALOCEAN. 4XXXXX*5191 01 OCT XXXXXXXXXXXXXXXXXXX7200 Digitalocean","844.99",,"3215273.25"
,"02/10/2024","8400/000 : FNB","45.09 FRAPPE CLOUD 4XX*5191 30 SEP XX0906 45.09 FRAPPE CLOUD 4XXXXX*5191 30 SEP XXXXXXXXXXXXXXXXXXX0","Account Payment","45.09 FRAPPE CLOUD 4XX*5191 30 SEP XX0906 45.09 FRAPPE CLOUD 4XXXXX*5191 30 SEP XXXXXXXXXXXXXXXXXXX","793.53",,"3216066.78"
,"02/10/2024","8400/000 : FNB","28.88 KLINGAI.COM 4XX*5191 01 OCT XX9405 28.88 KLINGAI.COM 4XXXXX*5191 01 OCT XXXXXXXXXXXXXXXXXXX940","Account Payment","28.88 KLINGAI.COM 4XX*5191 01 OCT XX9405 28.88 KLINGAI.COM 4XXXXX*5191 01 OCT XXXXXXXXXXXXXXXXXXX94","510.1",,"3216576.88"
,"03/10/2024","8400/000 : FNB","7.00 GLASSFROG 4XX*5191 01 OCT XX5608 7.00 GLASSFROG 4XXXXX*5191 01 OCT XXXXXXXXXXXXXXXXXXX5608","Account Payment","7.00 GLASSFROG 4XX*5191 01 OCT XX5608 7.00 GLASSFROG 4XXXXX*5191 01 OCT XXXXXXXXXXXXXXXXXXX5608","123.64",,"3216700.52"
,"03/10/2024","8400/000 : FNB","7.00 GLASSFROG 4XX*5191 01 OCT XX8037 7.00 GLASSFROG 4XXXXX*5191 01 OCT XXXXXXXXXXXXXXXXXXX8037","Account Payment","7.00 GLASSFROG 4XX*5191 01 OCT XX8037 7.00 GLASSFROG 4XXXXX*5191 01 OCT XXXXXXXXXXXXXXXXXXX8037","123.64",,"3216824.16"
,"03/10/2024","8400/000 : FNB","Facebook 4.60 FACEBK *84PL3B 4XXXXX*5191 01 OCT XXXXXXXXXXXXXXXXXXX9093 Facebook","Account Payment","Facebook 4.60 FACEBK *84PL3B 4XXXXX*5191 01 OCT XXXXXXXXXXXXXXXXXXX9093 Facebook","81.25",,"3216905.41"
,"03/10/2024","8400/000 : FNB","134.00 SINCH MAILGU 4XX*5191 01 OCT XX6443 134.00 SINCH MAILGU 4XXXXX*5191 01 OCT XXXXXXXXXXXXXXXXXX","Account Payment","134.00 SINCH MAILGU 4XX*5191 01 OCT XX6443 134.00 SINCH MAILGU 4XXXXX*5191 01 OCT XXXXXXXXXXXXXXXXX","2366.82",,"3219272.23"
,"03/10/2024","8400/000 : FNB","Google Store 79.64 Google GSUITE 4XXXXX*5191 02 OCT XXXXXXXXXXXXXXXXXXX1085 Google Store","Account Payment","Google Store 79.64 Google GSUITE 4XXXXX*5191 02 OCT XXXXXXXXXXXXXXXXXXX1085 Google Store","1569.68",,"3220841.91"
,"03/10/2024","8400/000 : FNB","Google Store 79.64 Google GSUITE 4XXXXX*5225 02 OCT XXXXXXXXXXXXXXXXXXX3085 Google Store","Account Payment","Google Store 79.64 Google GSUITE 4XXXXX*5225 02 OCT XXXXXXXXXXXXXXXXXXX3085 Google Store","1569.68",,"3222411.59"
,"03/10/2024","8400/000 : FNB","67.85 LEMSQZY* CHAT 4XX*5191 01 OCT XX0564 67.85 LEMSQZY* CHAT 4XXXXX*5191 01 OCT XXXXXXXXXXXXXXXXXX","Account Payment","67.85 LEMSQZY* CHAT 4XX*5191 01 OCT XX0564 67.85 LEMSQZY* CHAT 4XXXXX*5191 01 OCT XXXXXXXXXXXXXXXXX","1198.42",,"3223610.01"
,"03/10/2024","8400/000 : FNB","Facebook 23.00 FACEBK *5UG6E 4XXXXX*5191 01 OCT XXXXXXXXXXXXXXXXXXX4096 Facebook","Account Payment","Facebook 23.00 FACEBK *5UG6E 4XXXXX*5191 01 OCT XXXXXXXXXXXXXXXXXXX4096 Facebook","406.25",,"3224016.26"
,"03/10/2024","8400/000 : FNB","Slack & Co 17.25 SLACK T06A3T4 4XXXXX*5191 01 OCT XXXXXXXXXXXXXXXXXXX8460 Slack & Co","Account Payment","Slack & Co 17.25 SLACK T06A3T4 4XXXXX*5191 01 OCT XXXXXXXXXXXXXXXXXXX8460 Slack & Co","304.68",,"3224320.94"
,"03/10/2024","8400/000 : FNB","Facebook 13.80 FACEBK *YNGP7 4XXXXX*5191 01 OCT XXXXXXXXXXXXXXXXXXX8086 Facebook","Account Payment","Facebook 13.80 FACEBK *YNGP7 4XXXXX*5191 01 OCT XXXXXXXXXXXXXXXXXXX8086 Facebook","243.75",,"3224564.69"
,"03/10/2024","8400/000 : FNB","1043.07 CLOUD WFZGW 4XX*5191 01 OCT XX8048 1043.07 CLOUD WFZGW 4XXXXX*5191 01 OCT XXXXXXXXXXXXXXXXXX","Account Payment","1043.07 CLOUD WFZGW 4XX*5191 01 OCT XX8048 1043.07 CLOUD WFZGW 4XXXXX*5191 01 OCT XXXXXXXXXXXXXXXXX","18423.57",,"3242988.26"
,"03/10/2024","8400/000 : FNB","Google Store 391.60 Google GSUIT 4XXXXX*5225 01 OCT XXXXXXXXXXXXXXXXXXX3050 Google Store","Account Payment","Google Store 391.60 Google GSUIT 4XXXXX*5225 01 OCT XXXXXXXXXXXXXXXXXXX3050 Google Store","7717.62",,"3250705.88"
,"03/10/2024","8400/000 : FNB","Google Store 298.08 GOOGLE*GSUIT 4XXXXX*5191 01 OCT XXXXXXXXXXXXXXXXXXX1094 Google Store","Account Payment","Google Store 298.08 GOOGLE*GSUIT 4XXXXX*5191 01 OCT XXXXXXXXXXXXXXXXXXX1094 Google Store","5264.93",,"3255970.81"
,"03/10/2024","8400/000 : FNB","Wix.com 182.85 Wix.Com, Inc 4XXXXX*5191 02 OCT XXXXXXXXXXXXXXXXXXX5073 Wix.com","Account Payment","Wix.com 182.85 Wix.Com, Inc 4XXXXX*5191 02 OCT XXXXXXXXXXXXXXXXXXX5073 Wix.com","3217.94",,"3259188.75"
,"04/10/2024","8400/000 : FNB","Github Inc. 352.30 GITHUB, INC. 4XXXXX*5191 02 OCT XXXXXXXXXXXXXXXXXXX3863 Github Inc.","Account Payment","Github Inc. 352.30 GITHUB, INC. 4XXXXX*5191 02 OCT XXXXXXXXXXXXXXXXXXX3863 Github Inc.","6289.27",,"3265478.02"
,"04/10/2024","8400/000 : FNB","BT Group BOB GROUP 4XXXXX*5191 01 OCT XXXXXXXXXXXXXXXXXXX2741 BT Group","Account Payment","BT Group BOB GROUP 4XXXXX*5191 01 OCT XXXXXXXXXXXXXXXXXXX2741 BT Group","2298.85",,"3267776.87"
,"04/10/2024","8400/000 : FNB","Github Inc. 6.30 GITHUB, INC. 4XXXXX*5191 02 OCT XXXXXXXXXXXXXXXXXXX8712 Github Inc.","Account Payment","Github Inc. 6.30 GITHUB, INC. 4XXXXX*5191 02 OCT XXXXXXXXXXXXXXXXXXX8712 Github Inc.","112.47",,"3267889.34"
,"04/10/2024","8400/000 : FNB","450.00 WAPPALYZER 4XX*5191 02 OCT XX2731 450.00 WAPPALYZER 4XXXXX*5191 02 OCT XXXXXXXXXXXXXXXXXXX273","Account Payment","450.00 WAPPALYZER 4XX*5191 02 OCT XX2731 450.00 WAPPALYZER 4XXXXX*5191 02 OCT XXXXXXXXXXXXXXXXXXX27","8033.41",,"3275922.75"
,"05/10/2024","8400/000 : FNB","920.00 AUTH0.COM 4XX*5191 03 OCT XX9940 920.00 AUTH0.COM 4XXXXX*5191 03 OCT XXXXXXXXXXXXXXXXXXX9940","Account Payment","920.00 AUTH0.COM 4XX*5191 03 OCT XX9940 920.00 AUTH0.COM 4XXXXX*5191 03 OCT XXXXXXXXXXXXXXXXXXX9940","16415.7",,"3292338.45"
,"05/10/2024","8400/000 : FNB","Stable 249.00 STABLE 4XXXXX*5191 04 OCT XXXXXXXXXXXXXXXXXXX3763 Stable","Account Payment","Stable 249.00 STABLE 4XXXXX*5191 04 OCT XXXXXXXXXXXXXXXXXXX3763 Stable","4462.52",,"3296800.97"
,"05/10/2024","8400/000 : FNB","179.00 MOZSEO:HELP@ 4XX*5191 03 OCT XX5829 179.00 MOZSEO:HELP@ 4XXXXX*5191 03 OCT XXXXXXXXXXXXXXXXXX","Account Payment","179.00 MOZSEO:HELP@ 4XX*5191 03 OCT XX5829 179.00 MOZSEO:HELP@ 4XXXXX*5191 03 OCT XXXXXXXXXXXXXXXXX","3193.93",,"3299994.9"
,"05/10/2024","8400/000 : FNB","99.00 DMNS.APP BUSI 4XX*5191 04 OCT XX9959 99.00 DMNS.APP BUSI 4XXXXX*5191 04 OCT XXXXXXXXXXXXXXXXXX","Account Payment","99.00 DMNS.APP BUSI 4XX*5191 04 OCT XX9959 99.00 DMNS.APP BUSI 4XXXXX*5191 04 OCT XXXXXXXXXXXXXXXXX","1774.26",,"3301769.16"
,"05/10/2024","8400/000 : FNB","60.18 PADDLE.NET* W 4XX*5191 04 OCT XX1790 60.18 PADDLE.NET* W 4XXXXX*5191 04 OCT XXXXXXXXXXXXXXXXXX","Account Payment","60.18 PADDLE.NET* W 4XX*5191 04 OCT XX1790 60.18 PADDLE.NET* W 4XXXXX*5191 04 OCT XXXXXXXXXXXXXXXXX","1078.53",,"3302847.69"
,"05/10/2024","8400/000 : FNB","60.00 INSOMNIA TEAM 4XX*5191 03 OCT XX6193 60.00 INSOMNIA TEAM 4XXXXX*5191 03 OCT XXXXXXXXXXXXXXXXXX","Account Payment","60.00 INSOMNIA TEAM 4XX*5191 03 OCT XX6193 60.00 INSOMNIA TEAM 4XXXXX*5191 03 OCT XXXXXXXXXXXXXXXXX","1075.3",,"3303922.99"
,"07/10/2024","8400/000 : FNB","Github Inc. 19.00 GITHUB, INC. 4XXXXX*5225 04 OCT XXXXXXXXXXXXXXXXXXX1311 Github Inc.","Account Payment","Github Inc. 19.00 GITHUB, INC. 4XXXXX*5225 04 OCT XXXXXXXXXXXXXXXXXXX1311 Github Inc.","340.52",,"3304263.51"
,"07/10/2024","8400/000 : FNB","Github Inc. 11.08 GITHUB, INC. 4XXXXX*5225 04 OCT XXXXXXXXXXXXXXXXXXX7660 Github Inc.","Account Payment","Github Inc. 11.08 GITHUB, INC. 4XXXXX*5225 04 OCT XXXXXXXXXXXXXXXXXXX7660 Github Inc.","198.57",,"3304462.08"
,"07/10/2024","8400/000 : FNB","Shopify 2058.98 SHOPIFY* 28 4XXXXX*5191 04 OCT XXXXXXXXXXXXXXXXXXX2908 Shopify","Account Payment","Shopify 2058.98 SHOPIFY* 28 4XXXXX*5191 04 OCT XXXXXXXXXXXXXXXXXXX2908 Shopify","36900.58",,"3341362.66"
,"07/10/2024","8400/000 : FNB","1499.00 APPDIRECT 4XX*5225 04 OCT XX6762 1499.00 APPDIRECT 4XXXXX*5225 04 OCT XXXXXXXXXXXXXXXXXXX676","Account Payment","1499.00 APPDIRECT 4XX*5225 04 OCT XX6762 1499.00 APPDIRECT 4XXXXX*5225 04 OCT XXXXXXXXXXXXXXXXXXX67","26864.74",,"3368227.4"
,"07/10/2024","8400/000 : FNB","Google Store 167.92 Google GSUIT 4XXXXX*5225 05 OCT XXXXXXXXXXXXXXXXXXX3089 Google Store","Account Payment","Google Store 167.92 Google GSUIT 4XXXXX*5225 05 OCT XXXXXXXXXXXXXXXXXXX3089 Google Store","3314.48",,"3371541.88"
,"07/10/2024","8400/000 : FNB","99.99 JINA.AI 4XX*5191 04 OCT XX8123 99.99 JINA.AI 4XXXXX*5191 04 OCT XXXXXXXXXXXXXXXXXXX8123","Account Payment","99.99 JINA.AI 4XX*5191 04 OCT XX8123 99.99 JINA.AI 4XXXXX*5191 04 OCT XXXXXXXXXXXXXXXXXXX8123","1792",,"3373333.88"
,"07/10/2024","8400/000 : FNB","19.00 CHATBASE 4XX*5191 05 OCT XX6957 19.00 CHATBASE 4XXXXX*5191 05 OCT XXXXXXXXXXXXXXXXXXX6957","Account Payment","19.00 CHATBASE 4XX*5191 05 OCT XX6957 19.00 CHATBASE 4XXXXX*5191 05 OCT XXXXXXXXXXXXXXXXXXX6957","341.48",,"3373675.36"
,"08/10/2024","8400/000 : FNB","#INT PYMT FEE-141.99 CANV #INT PYMT FEE-141.99 CANV","Account Payment","INT PYMT FEE-141.99 CANV INT PYMT FEE-141.99 CANV","2.84",,"3373678.2"
,"08/10/2024","8400/000 : FNB","15.00 CAL.COM 4XX*5191 05 OCT XX3962 15.00 CAL.COM 4XXXXX*5191 05 OCT XXXXXXXXXXXXXXXXXXX3962","Account Payment","15.00 CAL.COM 4XX*5191 05 OCT XX3962 15.00 CAL.COM 4XXXXX*5191 05 OCT XXXXXXXXXXXXXXXXXXX3962","269.59",,"3373947.79"
,"08/10/2024","8400/000 : FNB","Paddle 187.94 PADDLE.NET* 4XXXXX*5191 05 OCT XXXXXXXXXXXXXXXXXXX9722 Paddle","Account Payment","Paddle 187.94 PADDLE.NET* 4XXXXX*5191 05 OCT XXXXXXXXXXXXXXXXXXX9722 Paddle","187.94",,"3374135.73"
,"08/10/2024","8400/000 : FNB","9.00 TWENTY.COM 4XX*5191 06 OCT XX6722 9.00 TWENTY.COM 4XXXXX*5191 06 OCT XXXXXXXXXXXXXXXXXXX6722","Account Payment","9.00 TWENTY.COM 4XX*5191 06 OCT XX6722 9.00 TWENTY.COM 4XXXXX*5191 06 OCT XXXXXXXXXXXXXXXXXXX6722","161.75",,"3374297.48"
,"08/10/2024","8400/000 : FNB","3.60 GETADDRESS.IO 4XX*5225 07 OCT XX2430 3.60 GETADDRESS.IO 4XXXXX*5225 07 OCT XXXXXXXXXXXXXXXXXXX2","Account Payment","3.60 GETADDRESS.IO 4XX*5225 07 OCT XX2430 3.60 GETADDRESS.IO 4XXXXX*5225 07 OCT XXXXXXXXXXXXXXXXXXX","85.14",,"3374382.62"
,"08/10/2024","8400/000 : FNB","77.05 CBA*Plesk 4XX*5191 05 OCT XX7601 77.05 CBA*Plesk 4XXXXX*5191 05 OCT XXXXXXXXXXXXXXXXXXX7601","Account Payment","77.05 CBA*Plesk 4XX*5191 05 OCT XX7601 77.05 CBA*Plesk 4XXXXX*5191 05 OCT XXXXXXXXXXXXXXXXXXX7601","1384.77",,"3375767.39"
,"08/10/2024","8400/000 : FNB","72.00 TERMIUS CORPO 4XX*5191 06 OCT XX5425 72.00 TERMIUS CORPO 4XXXXX*5191 06 OCT XXXXXXXXXXXXXXXXXX","Account Payment","72.00 TERMIUS CORPO 4XX*5191 06 OCT XX5425 72.00 TERMIUS CORPO 4XXXXX*5191 06 OCT XXXXXXXXXXXXXXXXX","1294.01",,"3377061.4"
,"08/10/2024","8400/000 : FNB","29.00 CAL.COM 4XX*5191 05 OCT XX5534 29.00 CAL.COM 4XXXXX*5191 05 OCT XXXXXXXXXXXXXXXXXXX5534","Account Payment","29.00 CAL.COM 4XX*5191 05 OCT XX5534 29.00 CAL.COM 4XXXXX*5191 05 OCT XXXXXXXXXXXXXXXXXXX5534","521.2",,"3377582.6"
,"08/10/2024","8400/000 : FNB","20.00 VERCEL INC. 4XX*5225 06 OCT XX5305 20.00 VERCEL INC. 4XXXXX*5225 06 OCT XXXXXXXXXXXXXXXXXXX530","Account Payment","20.00 VERCEL INC. 4XX*5225 06 OCT XX5305 20.00 VERCEL INC. 4XXXXX*5225 06 OCT XXXXXXXXXXXXXXXXXXX53","359.45",,"3377942.05"
,"08/10/2024","8400/000 : FNB","20.00 VERCEL INC. 4XX*5225 06 OCT XX6934 20.00 VERCEL INC. 4XXXXX*5225 06 OCT XXXXXXXXXXXXXXXXXXX693","Account Payment","20.00 VERCEL INC. 4XX*5225 06 OCT XX6934 20.00 VERCEL INC. 4XXXXX*5225 06 OCT XXXXXXXXXXXXXXXXXXX69","359.45",,"3378301.5"
,"08/10/2024","8400/000 : FNB","Woocommerce 19.99 WOOCOMMERCE S 4XXXXX*5225 06 OCT XXXXXXXXXXXXXXXXXXX0045 Woocommerce","Account Payment","Woocommerce 19.99 WOOCOMMERCE S 4XXXXX*5225 06 OCT XXXXXXXXXXXXXXXXXXX0045 Woocommerce","359.26",,"3378660.76"
,"08/10/2024","8400/000 : FNB","Shopify 3478.67 SHOPIFY* 27 4XXXXX*5191 05 OCT XXXXXXXXXXXXXXXXXXX8982 Shopify","Account Payment","Shopify 3478.67 SHOPIFY* 27 4XXXXX*5191 05 OCT XXXXXXXXXXXXXXXXXXX8982 Shopify","62520.03",,"3441180.79"
,"08/10/2024","8400/000 : FNB","599.00 TRIPLE WHALE 4XX*5191 04 OCT XX1399 599.00 TRIPLE WHALE 4XXXXX*5191 04 OCT XXXXXXXXXXXXXXXXXX","Account Payment","599.00 TRIPLE WHALE 4XX*5191 04 OCT XX1399 599.00 TRIPLE WHALE 4XXXXX*5191 04 OCT XXXXXXXXXXXXXXXXX","10735.14",,"3451915.93"
,"08/10/2024","8400/000 : FNB","253.00 WWW.WOLFRAM. 4XX*5191 05 OCT XX3324 253.00 WWW.WOLFRAM. 4XXXXX*5191 05 OCT XXXXXXXXXXXXXXXXXX","Account Payment","253.00 WWW.WOLFRAM. 4XX*5191 05 OCT XX3324 253.00 WWW.WOLFRAM. 4XXXXX*5191 05 OCT XXXXXXXXXXXXXXXXX","4547.02",,"3456462.95"
,"08/10/2024","8400/000 : FNB","174.00 INTERCOM R&D 4XX*5191 06 OCT XX2219 174.00 INTERCOM R&D 4XXXXX*5191 06 OCT XXXXXXXXXXXXXXXXXX","Account Payment","174.00 INTERCOM R&D 4XX*5191 06 OCT XX2219 174.00 INTERCOM R&D 4XXXXX*5191 06 OCT XXXXXXXXXXXXXXXXX","3127.2",,"3459590.15"
,"08/10/2024","8400/000 : FNB","ManageWP 120.75 MANAGEWP 4XXXXX*5225 05 OCT XXXXXXXXXXXXXXXXXXX8976 ManageWP","Account Payment","ManageWP 120.75 MANAGEWP 4XXXXX*5225 05 OCT XXXXXXXXXXXXXXXXXXX8976 ManageWP","2170.16",,"3461760.31"
,"08/10/2024","8400/000 : FNB","ManageWP 120.75 MANAGEWP 4XXXXX*5225 05 OCT XXXXXXXXXXXXXXXXXXX8920 ManageWP","Account Payment","ManageWP 120.75 MANAGEWP 4XXXXX*5225 05 OCT XXXXXXXXXXXXXXXXXXX8920 ManageWP","2170.16",,"3463930.47"
,"08/10/2024","8400/000 : FNB","99.00 CHATBASE 4XX*5191 05 OCT XX1491 99.00 CHATBASE 4XXXXX*5191 05 OCT XXXXXXXXXXXXXXXXXXX1491","Account Payment","99.00 CHATBASE 4XX*5191 05 OCT XX1491 99.00 CHATBASE 4XXXXX*5191 05 OCT XXXXXXXXXXXXXXXXXXX1491","1779.27",,"3465709.74"
,"08/10/2024","8400/000 : FNB","Hightail 15.00 HIGHTAIL 4XXXXX*5191 06 OCT XXXXXXXXXXXXXXXXXXX3548 Hightail","Account Payment","Hightail 15.00 HIGHTAIL 4XXXXX*5191 06 OCT XXXXXXXXXXXXXXXXXXX3548 Hightail","269.59",,"3465979.33"
,"09/10/2024","8400/000 : FNB","Paddle 171.35 PADDLE.NET* 4XXXXX*5191 08 OCT XXXXXXXXXXXXXXXXXXX6052 Paddle","Account Payment","Paddle 171.35 PADDLE.NET* 4XXXXX*5191 08 OCT XXXXXXXXXXXXXXXXXXX6052 Paddle","3062.16",,"3469041.49"
,"09/10/2024","8400/000 : FNB","105.00 NOTION LABS, 4XX*5225 07 OCT XX4748 105.00 NOTION LABS, 4XXXXX*5225 07 OCT XXXXXXXXXXXXXXXXXX","Account Payment","105.00 NOTION LABS, 4XX*5225 07 OCT XX4748 105.00 NOTION LABS, 4XXXXX*5225 07 OCT XXXXXXXXXXXXXXXXX","1887.1",,"3470928.59"
,"09/10/2024","8400/000 : FNB","12.00 CODESANDBOX 4XX*5191 07 OCT XX1198 12.00 CODESANDBOX 4XXXXX*5191 07 OCT XXXXXXXXXXXXXXXXXXX119","Account Payment","12.00 CODESANDBOX 4XX*5191 07 OCT XX1198 12.00 CODESANDBOX 4XXXXX*5191 07 OCT XXXXXXXXXXXXXXXXXXX11","215.67",,"3471144.26"
,"10/10/2024","8400/000 : FNB","150.00 AUTH0.COM 4XX*5191 08 OCT XX7379 150.00 AUTH0.COM 4XXXXX*5191 08 OCT XXXXXXXXXXXXXXXXXXX7379","Account Payment","150.00 AUTH0.COM 4XX*5191 08 OCT XX7379 150.00 AUTH0.COM 4XXXXX*5191 08 OCT XXXXXXXXXXXXXXXXXXX7379","2680.62",,"3473824.88"
,"10/10/2024","8400/000 : FNB","25.00 NOTION LABS, 4XX*5191 08 OCT XX7665 25.00 NOTION LABS, 4XXXXX*5191 08 OCT XXXXXXXXXXXXXXXXXXX7","Account Payment","25.00 NOTION LABS, 4XX*5191 08 OCT XX7665 25.00 NOTION LABS, 4XXXXX*5191 08 OCT XXXXXXXXXXXXXXXXXXX","446.77",,"3474271.65"
,"10/10/2024","8400/000 : FNB","Google Store 34.99 Google One 4XXXXX*5191 09 OCT XXXXXXXXXXXXXXXXXXX6046 Google Store","Account Payment","Google Store 34.99 Google One 4XXXXX*5191 09 OCT XXXXXXXXXXXXXXXXXXX6046 Google Store","34.99",,"3474306.64"
,"11/10/2024","8400/000 : FNB","10.00 SUNO INC. 4XX*5191 09 OCT XX0035 10.00 SUNO INC. 4XXXXX*5191 09 OCT XXXXXXXXXXXXXXXXXXX0035","Account Payment","10.00 SUNO INC. 4XX*5191 09 OCT XX0035 10.00 SUNO INC. 4XXXXX*5191 09 OCT XXXXXXXXXXXXXXXXXXX0035","179.79",,"3474486.43"
,"11/10/2024","8400/000 : FNB","1499.00 APPDIRECT 4XX*5191 09 OCT XX3386 1499.00 APPDIRECT 4XXXXX*5191 09 OCT XXXXXXXXXXXXXXXXXXX338","Account Payment","1499.00 APPDIRECT 4XX*5191 09 OCT XX3386 1499.00 APPDIRECT 4XXXXX*5191 09 OCT XXXXXXXXXXXXXXXXXXX33","26950.07",,"3501436.5"
,"11/10/2024","8400/000 : FNB","499.00 CASSIDYAI.CO 4XX*5191 09 OCT XX6549 499.00 CASSIDYAI.CO 4XXXXX*5191 09 OCT XXXXXXXXXXXXXXXXXX","Account Payment","499.00 CASSIDYAI.CO 4XX*5191 09 OCT XX6549 499.00 CASSIDYAI.CO 4XXXXX*5191 09 OCT XXXXXXXXXXXXXXXXX","8971.37",,"3510407.87"
,"11/10/2024","8400/000 : FNB","60.00 OPENAI *CHATG 4XX*5191 09 OCT XX0388 60.00 OPENAI *CHATG 4XXXXX*5191 09 OCT XXXXXXXXXXXXXXXXXX","Account Payment","60.00 OPENAI *CHATG 4XX*5191 09 OCT XX0388 60.00 OPENAI *CHATG 4XXXXX*5191 09 OCT XXXXXXXXXXXXXXXXX","1078.72",,"3511486.59"
,"11/10/2024","8400/000 : FNB","20.00 VERCEL INC. 4XX*5191 09 OCT XX0120 20.00 VERCEL INC. 4XXXXX*5191 09 OCT XXXXXXXXXXXXXXXXXXX012","Account Payment","20.00 VERCEL INC. 4XX*5191 09 OCT XX0120 20.00 VERCEL INC. 4XXXXX*5191 09 OCT XXXXXXXXXXXXXXXXXXX01","359.57",,"3511846.16"
,"11/10/2024","8400/000 : FNB","20.00 HEROKU* SEP-9 4XX*5191 09 OCT XX3859 20.00 HEROKU* SEP-9 4XXXXX*5191 09 OCT XXXXXXXXXXXXXXXXXX","Account Payment","20.00 HEROKU* SEP-9 4XX*5191 09 OCT XX3859 20.00 HEROKU* SEP-9 4XXXXX*5191 09 OCT XXXXXXXXXXXXXXXXX","359.57",,"3512205.73"
,"11/10/2024","8400/000 : FNB","49.00 SKRAPP.IO STA 4XX*5191 09 OCT XX0740 49.00 SKRAPP.IO STA 4XXXXX*5191 09 OCT XXXXXXXXXXXXXXXXXX","Account Payment","49.00 SKRAPP.IO STA 4XX*5191 09 OCT XX0740 49.00 SKRAPP.IO STA 4XXXXX*5191 09 OCT XXXXXXXXXXXXXXXXX","880.95",,"3513086.68"
,"11/10/2024","8400/000 : FNB","40.00 REPLIT, INC. 4XX*5191 09 OCT XX2161 40.00 REPLIT, INC. 4XXXXX*5191 09 OCT XXXXXXXXXXXXXXXXXXX2","Account Payment","40.00 REPLIT, INC. 4XX*5191 09 OCT XX2161 40.00 REPLIT, INC. 4XXXXX*5191 09 OCT XXXXXXXXXXXXXXXXXXX","719.15",,"3513805.83"
,"11/10/2024","8400/000 : FNB","Github Inc. 39.97 GITHUB, INC. 4XXXXX*5191 09 OCT XXXXXXXXXXXXXXXXXXX9623 Github Inc.","Account Payment","Github Inc. 39.97 GITHUB, INC. 4XXXXX*5191 09 OCT XXXXXXXXXXXXXXXXXXX9623 Github Inc.","718.61",,"3514524.44"
,"11/10/2024","8400/000 : FNB","30.00 ISHRAQ LLC 4XX*5191 09 OCT XX9426 30.00 ISHRAQ LLC 4XXXXX*5191 09 OCT XXXXXXXXXXXXXXXXXXX9426","Account Payment","30.00 ISHRAQ LLC 4XX*5191 09 OCT XX9426 30.00 ISHRAQ LLC 4XXXXX*5191 09 OCT XXXXXXXXXXXXXXXXXXX9426","539.37",,"3515063.81"
,"11/10/2024","8400/000 : FNB","28.75 CLOUDFLARE 4XX*5191 09 OCT XX7854 28.75 CLOUDFLARE 4XXXXX*5191 09 OCT XXXXXXXXXXXXXXXXXXX7854","Account Payment","28.75 CLOUDFLARE 4XX*5191 09 OCT XX7854 28.75 CLOUDFLARE 4XXXXX*5191 09 OCT XXXXXXXXXXXXXXXXXXX7854","516.89",,"3515580.7"
,"11/10/2024","8400/000 : FNB","25.00 BEECEPTOR 4XX*5191 09 OCT XX7538 25.00 BEECEPTOR 4XXXXX*5191 09 OCT XXXXXXXXXXXXXXXXXXX7538","Account Payment","25.00 BEECEPTOR 4XX*5191 09 OCT XX7538 25.00 BEECEPTOR 4XXXXX*5191 09 OCT XXXXXXXXXXXXXXXXXXX7538","449.46",,"3516030.16"
,"11/10/2024","8400/000 : FNB","25.00 BEECEPTOR 4XX*5191 09 OCT XX7827 25.00 BEECEPTOR 4XXXXX*5191 09 OCT XXXXXXXXXXXXXXXXXXX7827","Account Payment","25.00 BEECEPTOR 4XX*5191 09 OCT XX7827 25.00 BEECEPTOR 4XXXXX*5191 09 OCT XXXXXXXXXXXXXXXXXXX7827","449.46",,"3516479.62"
,"12/10/2024","8400/000 : FNB","Shopify 3656.94 SHOPIFY* 28 4XXXXX*5225 10 OCT XXXXXXXXXXXXXXXXXXX9678 Shopify","Account Payment","Shopify 3656.94 SHOPIFY* 28 4XXXXX*5225 10 OCT XXXXXXXXXXXXXXXXXXX9678 Shopify","66033.12",,"3582512.74"
,"12/10/2024","8400/000 : FNB","99.00 PLAYFAB, INC. 4XX*5191 10 OCT XX9403 99.00 PLAYFAB, INC. 4XXXXX*5191 10 OCT XXXXXXXXXXXXXXXXXX","Account Payment","99.00 PLAYFAB, INC. 4XX*5191 10 OCT XX9403 99.00 PLAYFAB, INC. 4XXXXX*5191 10 OCT XXXXXXXXXXXXXXXXX","1787.63",,"3584300.37"
,"12/10/2024","8400/000 : FNB","Github Inc. 47.42 GITHUB, INC. 4XXXXX*5191 10 OCT XXXXXXXXXXXXXXXXXXX0843 Github Inc.","Account Payment","Github Inc. 47.42 GITHUB, INC. 4XXXXX*5191 10 OCT XXXXXXXXXXXXXXXXXXX0843 Github Inc.","856.26",,"3585156.63"
,"14/10/2024","8400/000 : FNB","Github Inc. 189.00 GITHUB, INC. 4XXXXX*5225 11 OCT XXXXXXXXXXXXXXXXXXX0096 Github Inc.","Account Payment","Github Inc. 189.00 GITHUB, INC. 4XXXXX*5225 11 OCT XXXXXXXXXXXXXXXXXXX0096 Github Inc.","3413.01",,"3588569.64"
,"14/10/2024","8400/000 : FNB","Github Inc. 79.08 GITHUB, INC. 4XXXXX*5225 11 OCT XXXXXXXXXXXXXXXXXXX4270 Github Inc.","Account Payment","Github Inc. 79.08 GITHUB, INC. 4XXXXX*5225 11 OCT XXXXXXXXXXXXXXXXXXX4270 Github Inc.","1428.05",,"3589997.69"
,"14/10/2024","8400/000 : FNB","Intuit 546.25 INTUIT *QBoo 4XXXXX*5225 11 OCT XXXXXXXXXXXXXXXXXXX4188 Intuit","Account Payment","Intuit 546.25 INTUIT *QBoo 4XXXXX*5225 11 OCT XXXXXXXXXXXXXXXXXXX4188 Intuit","546.25",,"3590543.94"
,"14/10/2024","8400/000 : FNB","Slack & Co 21.56 SLACK T0740DV 4XXXXX*5191 11 OCT XXXXXXXXXXXXXXXXXXX8014 Slack & Co","Account Payment","Slack & Co 21.56 SLACK T0740DV 4XXXXX*5191 11 OCT XXXXXXXXXXXXXXXXXXX8014 Slack & Co","389.33",,"3590933.27"
,"14/10/2024","8400/000 : FNB","Github Inc. 54.20 GITHUB, INC. 4XXXXX*5191 11 OCT XXXXXXXXXXXXXXXXXXX5221 Github Inc.","Account Payment","Github Inc. 54.20 GITHUB, INC. 4XXXXX*5191 11 OCT XXXXXXXXXXXXXXXXXXX5221 Github Inc.","978.76",,"3591912.03"
,"14/10/2024","8400/000 : FNB","Github Inc. 42.00 GITHUB, INC. 4XXXXX*5191 11 OCT XXXXXXXXXXXXXXXXXXX6763 Github Inc.","Account Payment","Github Inc. 42.00 GITHUB, INC. 4XXXXX*5191 11 OCT XXXXXXXXXXXXXXXXXXX6763 Github Inc.","758.45",,"3592670.48"
,"14/10/2024","8400/000 : FNB","Intuit 546.25 INTUIT *QBoo 4XXXXX*5225 11 OCT XXXXXXXXXXXXXXXXXXX4238 Intuit","Account Payment","Intuit 546.25 INTUIT *QBoo 4XXXXX*5225 11 OCT XXXXXXXXXXXXXXXXXXX4238 Intuit","546.25",,"3593216.73"
,"15/10/2024","8400/000 : FNB","Google Service Charges/Fees #INT PYMT FEE-34.99 Googl Google","Account Payment","Google Service Charges/Fees INT PYMT FEE-34.99 Googl Google","0.7",,"3593217.43"
,"15/10/2024","8400/000 : FNB","15.00 TABNINE 4XX*5191 12 OCT XX5931 15.00 TABNINE 4XXXXX*5191 12 OCT XXXXXXXXXXXXXXXXXXX5931","Account Payment","15.00 TABNINE 4XX*5191 12 OCT XX5931 15.00 TABNINE 4XXXXX*5191 12 OCT XXXXXXXXXXXXXXXXXXX5931","269.19",,"3593486.62"
,"15/10/2024","8400/000 : FNB","11.49 GOOGLE *Colab 4XX*5191 14 OCT XX1540 11.49 GOOGLE *Colab 4XXXXX*5191 14 OCT XXXXXXXXXXXXXXXXXX","Account Payment","11.49 GOOGLE *Colab 4XX*5191 14 OCT XX1540 11.49 GOOGLE *Colab 4XXXXX*5191 14 OCT XXXXXXXXXXXXXXXXX","206.19",,"3593692.81"
,"15/10/2024","8400/000 : FNB","5.00 WWW.FLUX.AI 4XX*5191 13 OCT XX1902 5.00 WWW.FLUX.AI 4XXXXX*5191 13 OCT XXXXXXXXXXXXXXXXXXX1902","Account Payment","5.00 WWW.FLUX.AI 4XX*5191 13 OCT XX1902 5.00 WWW.FLUX.AI 4XXXXX*5191 13 OCT XXXXXXXXXXXXXXXXXXX1902","89.73",,"3593782.54"
,"15/10/2024","8400/000 : FNB","180.00 AGENCYANALYT 4XX*5225 13 OCT XX9505 180.00 AGENCYANALYT 4XXXXX*5225 13 OCT XXXXXXXXXXXXXXXXXX","Account Payment","180.00 AGENCYANALYT 4XX*5225 13 OCT XX9505 180.00 AGENCYANALYT 4XXXXX*5225 13 OCT XXXXXXXXXXXXXXXXX","3230.24",,"3597012.78"
,"15/10/2024","8400/000 : FNB","Shopify 74.75 SHOPIFY* 2835 4XXXXX*5225 12 OCT XXXXXXXXXXXXXXXXXXX4352 Shopify","Account Payment","Shopify 74.75 SHOPIFY* 2835 4XXXXX*5225 12 OCT XXXXXXXXXXXXXXXXXXX4352 Shopify","1341.44",,"3598354.22"
,"15/10/2024","8400/000 : FNB","70.00 NOTION LABS, 4XX*5191 12 OCT XX7306 70.00 NOTION LABS, 4XXXXX*5191 12 OCT XXXXXXXXXXXXXXXXXXX7","Account Payment","70.00 NOTION LABS, 4XX*5191 12 OCT XX7306 70.00 NOTION LABS, 4XXXXX*5191 12 OCT XXXXXXXXXXXXXXXXXXX","1256.2",,"3599610.42"
,"15/10/2024","8400/000 : FNB","32.00 BUBBLE STARTE 4XX*5191 13 OCT XX3638 32.00 BUBBLE STARTE 4XXXXX*5191 13 OCT XXXXXXXXXXXXXXXXXX","Account Payment","32.00 BUBBLE STARTE 4XX*5191 13 OCT XX3638 32.00 BUBBLE STARTE 4XXXXX*5191 13 OCT XXXXXXXXXXXXXXXXX","574.26",,"3600184.68"
,"15/10/2024","8400/000 : FNB","20.00 HUGGINGFACE 4XX*5191 13 OCT XX4369 20.00 HUGGINGFACE 4XXXXX*5191 13 OCT XXXXXXXXXXXXXXXXXXX436","Account Payment","20.00 HUGGINGFACE 4XX*5191 13 OCT XX4369 20.00 HUGGINGFACE 4XXXXX*5191 13 OCT XXXXXXXXXXXXXXXXXXX43","358.92",,"3600543.6"
,"16/10/2024","8400/000 : FNB","Intuit 546.25 INTUIT *QBoo 4XXXXX*5225 14 OCT XXXXXXXXXXXXXXXXXXX5572 Intuit","Account Payment","Intuit 546.25 INTUIT *QBoo 4XXXXX*5225 14 OCT XXXXXXXXXXXXXXXXXXX5572 Intuit","546.25",,"3601089.85"
,"16/10/2024","8400/000 : FNB","Github Inc. 14.00 GITHUB, INC. 4XXXXX*5225 14 OCT XXXXXXXXXXXXXXXXXXX9397 Github Inc.","Account Payment","Github Inc. 14.00 GITHUB, INC. 4XXXXX*5225 14 OCT XXXXXXXXXXXXXXXXXXX9397 Github Inc.","251.24",,"3601341.09"
,"17/10/2024","8400/000 : FNB","237.48 SLACK T0MN3D 4XX*5225 15 OCT XX5381 237.48 SLACK T0MN3D 4XXXXX*5225 15 OCT XXXXXXXXXXXXXXXXXX","Account Payment","237.48 SLACK T0MN3D 4XX*5225 15 OCT XX5381 237.48 SLACK T0MN3D 4XXXXX*5225 15 OCT XXXXXXXXXXXXXXXXX","4268.15",,"3605609.24"
,"17/10/2024","8400/000 : FNB","120.00 OPENAI *CHAT 4XX*5191 16 OCT XX6386 120.00 OPENAI *CHAT 4XXXXX*5191 16 OCT XXXXXXXXXXXXXXXXXX","Account Payment","120.00 OPENAI *CHAT 4XX*5191 16 OCT XX6386 120.00 OPENAI *CHAT 4XXXXX*5191 16 OCT XXXXXXXXXXXXXXXXX","2164.81",,"3607774.05"
,"17/10/2024","8400/000 : FNB","376.40 HOLASPIRIT 4XX*5225 15 OCT XX1063 376.40 HOLASPIRIT 4XXXXX*5225 15 OCT XXXXXXXXXXXXXXXXXXX106","Account Payment","376.40 HOLASPIRIT 4XX*5225 15 OCT XX1063 376.40 HOLASPIRIT 4XXXXX*5225 15 OCT XXXXXXXXXXXXXXXXXXX10","7390.6",,"3615164.65"
,"17/10/2024","8400/000 : FNB","231.95 HOLASPIRIT 4XX*5225 15 OCT XX2906 231.95 HOLASPIRIT 4XXXXX*5225 15 OCT XXXXXXXXXXXXXXXXXXX290","Account Payment","231.95 HOLASPIRIT 4XX*5225 15 OCT XX2906 231.95 HOLASPIRIT 4XXXXX*5225 15 OCT XXXXXXXXXXXXXXXXXXX29","4554.33",,"3619718.98"
,"17/10/2024","8400/000 : FNB","4.07 GLASSFROG 4XX*5191 14 OCT XX1115 4.07 GLASSFROG 4XXXXX*5191 14 OCT XXXXXXXXXXXXXXXXXXX1115","Account Receipt","4.07 GLASSFROG 4XX*5191 14 OCT XX1115 4.07 GLASSFROG 4XXXXX*5191 14 OCT XXXXXXXXXXXXXXXXXXX1115",,"69.89","3619649.09"
,"18/10/2024","8400/000 : FNB","7.00 NPM, INC. 4XX*5191 16 OCT XX3459 7.00 NPM, INC. 4XXXXX*5191 16 OCT XXXXXXXXXXXXXXXXXXX3459","Account Payment","7.00 NPM, INC. 4XX*5191 16 OCT XX3459 7.00 NPM, INC. 4XXXXX*5191 16 OCT XXXXXXXXXXXXXXXXXXX3459","126.28",,"3619775.37"
,"18/10/2024","8400/000 : FNB","7.00 NPM, INC. 4XX*5191 16 OCT XX8069 7.00 NPM, INC. 4XXXXX*5191 16 OCT XXXXXXXXXXXXXXXXXXX8069","Account Payment","7.00 NPM, INC. 4XX*5191 16 OCT XX8069 7.00 NPM, INC. 4XXXXX*5191 16 OCT XXXXXXXXXXXXXXXXXXX8069","126.28",,"3619901.65"
,"18/10/2024","8400/000 : FNB","7.00 NPM, INC. 4XX*5191 16 OCT XX2481 7.00 NPM, INC. 4XXXXX*5191 16 OCT XXXXXXXXXXXXXXXXXXX2481","Account Payment","7.00 NPM, INC. 4XX*5191 16 OCT XX2481 7.00 NPM, INC. 4XXXXX*5191 16 OCT XXXXXXXXXXXXXXXXXXX2481","126.28",,"3620027.93"
,"18/10/2024","8400/000 : FNB","7.00 NPM, INC. 4XX*5191 16 OCT XX0483 7.00 NPM, INC. 4XXXXX*5191 16 OCT XXXXXXXXXXXXXXXXXXX0483","Account Payment","7.00 NPM, INC. 4XX*5191 16 OCT XX0483 7.00 NPM, INC. 4XXXXX*5191 16 OCT XXXXXXXXXXXXXXXXXXX0483","126.28",,"3620154.21"
,"18/10/2024","8400/000 : FNB","280.00 WIZA.CO 4XX*5191 16 OCT XX6474 280.00 WIZA.CO 4XXXXX*5191 16 OCT XXXXXXXXXXXXXXXXXXX6474","Account Payment","280.00 WIZA.CO 4XX*5191 16 OCT XX6474 280.00 WIZA.CO 4XXXXX*5191 16 OCT XXXXXXXXXXXXXXXXXXX6474","5051.22",,"3625205.43"
,"18/10/2024","8400/000 : FNB","67.39 REPLIT, INC. 4XX*5191 16 OCT XX4412 67.39 REPLIT, INC. 4XXXXX*5191 16 OCT XXXXXXXXXXXXXXXXXXX4","Account Payment","67.39 REPLIT, INC. 4XX*5191 16 OCT XX4412 67.39 REPLIT, INC. 4XXXXX*5191 16 OCT XXXXXXXXXXXXXXXXXXX","1215.72",,"3626421.15"
,"22/10/2024","8400/000 : FNB","99.00 DYNAMIC.XYZ 4XX*5191 19 OCT XX2138 99.00 DYNAMIC.XYZ 4XXXXX*5191 19 OCT XXXXXXXXXXXXXXXXXXX213","Account Payment","99.00 DYNAMIC.XYZ 4XX*5191 19 OCT XX2138 99.00 DYNAMIC.XYZ 4XXXXX*5191 19 OCT XXXXXXXXXXXXXXXXXXX21","1790.94",,"3628212.09"
,"22/10/2024","8400/000 : FNB","99.00 CUSTOMGPT.AI 4XX*5191 19 OCT XX9040 99.00 CUSTOMGPT.AI 4XXXXX*5191 19 OCT XXXXXXXXXXXXXXXXXXX9","Account Payment","99.00 CUSTOMGPT.AI 4XX*5191 19 OCT XX9040 99.00 CUSTOMGPT.AI 4XXXXX*5191 19 OCT XXXXXXXXXXXXXXXXXXX","1790.94",,"3630003.03"
,"22/10/2024","8400/000 : FNB","59.00 GREENBACK.COM 4XX*5225 19 OCT XX3040 59.00 GREENBACK.COM 4XXXXX*5225 19 OCT XXXXXXXXXXXXXXXXXX","Account Payment","59.00 GREENBACK.COM 4XX*5225 19 OCT XX3040 59.00 GREENBACK.COM 4XXXXX*5225 19 OCT XXXXXXXXXXXXXXXXX","1067.33",,"3631070.36"
,"22/10/2024","8400/000 : FNB","20.00 RAILWAY 4XX*5191 18 OCT XX3261 20.00 RAILWAY 4XXXXX*5191 18 OCT XXXXXXXXXXXXXXXXXXX3261","Account Payment","20.00 RAILWAY 4XX*5191 18 OCT XX3261 20.00 RAILWAY 4XXXXX*5191 18 OCT XXXXXXXXXXXXXXXXXXX3261","363.28",,"3631433.64"
,"25/10/2024","8400/000 : FNB","89.00 SENTRY 4XX*5191 24 OCT XX0585 89.00 SENTRY 4XXXXX*5191 24 OCT XXXXXXXXXXXXXXXXXXX0585","Account Payment","89.00 SENTRY 4XX*5191 24 OCT XX0585 89.00 SENTRY 4XXXXX*5191 24 OCT XXXXXXXXXXXXXXXXXXX0585","1623.44",,"3633057.08"
,"25/10/2024","8400/000 : FNB","30.00 HASURA 4XX*5191 23 OCT XX0025 30.00 HASURA 4XXXXX*5191 23 OCT XXXXXXXXXXXXXXXXXXX0025","Account Payment","30.00 HASURA 4XX*5191 23 OCT XX0025 30.00 HASURA 4XXXXX*5191 23 OCT XXXXXXXXXXXXXXXXXXX0025","547.23",,"3633604.31"
,"25/10/2024","8400/000 : FNB","6.00 DOCKER, INC. 4XX*5191 24 OCT XX3377 6.00 DOCKER, INC. 4XXXXX*5191 24 OCT XXXXXXXXXXXXXXXXXXX337","Account Payment","6.00 DOCKER, INC. 4XX*5191 24 OCT XX3377 6.00 DOCKER, INC. 4XXXXX*5191 24 OCT XXXXXXXXXXXXXXXXXXX33","109.45",,"3633713.76"
,"26/10/2024","8400/000 : FNB","74.00 PIPEDREAM, IN 4XX*5191 24 OCT XX4053 74.00 PIPEDREAM, IN 4XXXXX*5191 24 OCT XXXXXXXXXXXXXXXXXX","Account Payment","74.00 PIPEDREAM, IN 4XX*5191 24 OCT XX4053 74.00 PIPEDREAM, IN 4XXXXX*5191 24 OCT XXXXXXXXXXXXXXXXX","1349.83",,"3635063.59"
,"26/10/2024","8400/000 : FNB","Dropbox 18.38 DROPBOX*C6QPM 4XXXXX*5191 24 OCT XXXXXXXXXXXXXXXXXXX0474 Dropbox","Account Payment","Dropbox 18.38 DROPBOX*C6QPM 4XXXXX*5191 24 OCT XXXXXXXXXXXXXXXXXXX0474 Dropbox","335.27",,"3635398.86"
,"26/10/2024","8400/000 : FNB","10.00 MATTERMOST 4XX*5191 24 OCT XX2160 10.00 MATTERMOST 4XXXXX*5191 24 OCT XXXXXXXXXXXXXXXXXXX2160","Account Payment","10.00 MATTERMOST 4XX*5191 24 OCT XX2160 10.00 MATTERMOST 4XXXXX*5191 24 OCT XXXXXXXXXXXXXXXXXXX2160","181.94",,"3635580.8"
,"28/10/2024","8400/000 : FNB","150.00 AUTH0.COM 4XX*5191 25 OCT XX1002 150.00 AUTH0.COM 4XXXXX*5191 25 OCT XXXXXXXXXXXXXXXXXXX1002","Account Payment","150.00 AUTH0.COM 4XX*5191 25 OCT XX1002 150.00 AUTH0.COM 4XXXXX*5191 25 OCT XXXXXXXXXXXXXXXXXXX1002","2712.69",,"3638293.49"
,"28/10/2024","8400/000 : FNB","54.00 AIRTABLE.COM/ 4XX*5191 25 OCT XX0577 54.00 AIRTABLE.COM/ 4XXXXX*5191 25 OCT XXXXXXXXXXXXXXXXXX","Account Payment","54.00 AIRTABLE.COM/ 4XX*5191 25 OCT XX0577 54.00 AIRTABLE.COM/ 4XXXXX*5191 25 OCT XXXXXXXXXXXXXXXXX","982.47",,"3639275.96"
,"28/10/2024","8400/000 : FNB","27.60 LEMSQZY* CODE 4XX*5191 25 OCT XX6232 27.60 LEMSQZY* CODE 4XXXXX*5191 25 OCT XXXXXXXXXXXXXXXXXX","Account Payment","27.60 LEMSQZY* CODE 4XX*5191 25 OCT XX6232 27.60 LEMSQZY* CODE 4XXXXX*5191 25 OCT XXXXXXXXXXXXXXXXX","502.16",,"3639778.12"
,"28/10/2024","8400/000 : FNB","399.99 POE.COM 4XX*5191 26 OCT XX7921 399.99 POE.COM 4XXXXX*5191 26 OCT XXXXXXXXXXXXXXXXXXX7921","Account Payment","399.99 POE.COM 4XX*5191 26 OCT XX7921 399.99 POE.COM 4XXXXX*5191 26 OCT XXXXXXXXXXXXXXXXXXX7921","399.99",,"3640178.11"
,"29/10/2024","8400/000 : FNB","3.11 REPLIT, INC. 4XX*5191 26 OCT XX0241 3.11 REPLIT, INC. 4XXXXX*5191 26 OCT XXXXXXXXXXXXXXXXXXX024","Account Payment","3.11 REPLIT, INC. 4XX*5191 26 OCT XX0241 3.11 REPLIT, INC. 4XXXXX*5191 26 OCT XXXXXXXXXXXXXXXXXXX02","56.24",,"3640234.35"
,"29/10/2024","8400/000 : FNB","100.00 SR.HT SERVIC 4XX*5191 27 OCT XX2338 100.00 SR.HT SERVIC 4XXXXX*5191 27 OCT XXXXXXXXXXXXXXXXXX","Account Payment","100.00 SR.HT SERVIC 4XX*5191 27 OCT XX2338 100.00 SR.HT SERVIC 4XXXXX*5191 27 OCT XXXXXXXXXXXXXXXXX","1808.46",,"3642042.81"
,"29/10/2024","8400/000 : FNB","50.00 ANACONDA INC. 4XX*5191 26 OCT XX4906 50.00 ANACONDA INC. 4XXXXX*5191 26 OCT XXXXXXXXXXXXXXXXXX","Account Payment","50.00 ANACONDA INC. 4XX*5191 26 OCT XX4906 50.00 ANACONDA INC. 4XXXXX*5191 26 OCT XXXXXXXXXXXXXXXXX","904.23",,"3642947.04"
,"29/10/2024","8400/000 : FNB","Intuit 570.40 INTUIT *QBoo 4XXXXX*5225 27 OCT XXXXXXXXXXXXXXXXXXX1501 Intuit","Account Payment","Intuit 570.40 INTUIT *QBoo 4XXXXX*5225 27 OCT XXXXXXXXXXXXXXXXXXX1501 Intuit","570.4",,"3643517.44"
,"29/10/2024","8400/000 : FNB","Intuit 546.25 INTUIT *QBoo 4XXXXX*5225 27 OCT XXXXXXXXXXXXXXXXXXX1485 Intuit","Account Payment","Intuit 546.25 INTUIT *QBoo 4XXXXX*5225 27 OCT XXXXXXXXXXXXXXXXXXX1485 Intuit","546.25",,"3644063.69"
,"29/10/2024","8400/000 : FNB","20.00 HUGGINGFACE 4XX*5191 28 OCT XX6263 20.00 HUGGINGFACE 4XXXXX*5191 28 OCT XXXXXXXXXXXXXXXXXXX626","Account Payment","20.00 HUGGINGFACE 4XX*5191 28 OCT XX6263 20.00 HUGGINGFACE 4XXXXX*5191 28 OCT XXXXXXXXXXXXXXXXXXX62","361.69",,"3644425.38"
,"29/10/2024","8400/000 : FNB","BT Group BOB GROUP 4XXXXX*5191 25 OCT XXXXXXXXXXXXXXXXXXX6752 BT Group","Account Payment","BT Group BOB GROUP 4XXXXX*5191 25 OCT XXXXXXXXXXXXXXXXXXX6752 BT Group","200",,"3644625.38"
,"29/10/2024","8400/000 : FNB","Intuit 171.12 INTUIT *QBoo 4XXXXX*5225 27 OCT XXXXXXXXXXXXXXXXXXX1493 Intuit","Account Payment","Intuit 171.12 INTUIT *QBoo 4XXXXX*5225 27 OCT XXXXXXXXXXXXXXXXXXX1493 Intuit","171.12",,"3644796.5"
,"29/10/2024","8400/000 : FNB","Shopify 3421.17 SHOPIFY* 28 4XXXXX*5191 27 OCT XXXXXXXXXXXXXXXXXXX1035 Shopify","Account Payment","Shopify 3421.17 SHOPIFY* 28 4XXXXX*5191 27 OCT XXXXXXXXXXXXXXXXXXX1035 Shopify","61870.47",,"3706666.97"
,"29/10/2024","8400/000 : FNB","1150.00 AUTH0.COM 4XX*5191 26 OCT XX9929 1150.00 AUTH0.COM 4XXXXX*5191 26 OCT XXXXXXXXXXXXXXXXXXX992","Account Payment","1150.00 AUTH0.COM 4XX*5191 26 OCT XX9929 1150.00 AUTH0.COM 4XXXXX*5191 26 OCT XXXXXXXXXXXXXXXXXXX99","20797.28",,"3727464.25"
,"29/10/2024","8400/000 : FNB","299.00 ORG CHART 4XX*5191 28 OCT XX1723 299.00 ORG CHART 4XXXXX*5191 28 OCT XXXXXXXXXXXXXXXXXXX1723","Account Payment","299.00 ORG CHART 4XX*5191 28 OCT XX1723 299.00 ORG CHART 4XXXXX*5191 28 OCT XXXXXXXXXXXXXXXXXXX1723","5407.3",,"3732871.55"
,"29/10/2024","8400/000 : FNB","BT Group BOB GROUP 4XXXXX*5191 25 OCT XXXXXXXXXXXXXXXXXXX5960 BT Group","Account Payment","BT Group BOB GROUP 4XXXXX*5191 25 OCT XXXXXXXXXXXXXXXXXXX5960 BT Group","2098.85",,"3734970.4"
,"30/10/2024","8400/000 : FNB","Adobe Systems 22.99 Adobe 4XXXXX*5191 28 OCT XXXXXXXXXXXXXXXXXXX8796 Adobe Systems","Account Payment","Adobe Systems 22.99 Adobe 4XXXXX*5191 28 OCT XXXXXXXXXXXXXXXXXXX8796 Adobe Systems","415.76",,"3735386.16"
,"30/10/2024","8400/000 : FNB","20.36 1xTeamCity Cl 4XX*5191 26 OCT XX5053 20.36 1xTeamCity Cl 4XXXXX*5191 26 OCT XXXXXXXXXXXXXXXXXX","Account Payment","20.36 1xTeamCity Cl 4XX*5191 26 OCT XX5053 20.36 1xTeamCity Cl 4XXXXX*5191 26 OCT XXXXXXXXXXXXXXXXX","368.2",,"3735754.36"
,"30/10/2024","8400/000 : FNB","9.00 GITPOD.IO 4XX*5191 28 OCT XX0460 9.00 GITPOD.IO 4XXXXX*5191 28 OCT XXXXXXXXXXXXXXXXXXX0460","Account Payment","9.00 GITPOD.IO 4XX*5191 28 OCT XX0460 9.00 GITPOD.IO 4XXXXX*5191 28 OCT XXXXXXXXXXXXXXXXXXX0460","162.76",,"3735917.12"
,"30/10/2024","8400/000 : FNB","Canva 141.99 CANVA* I0431 4XXXXX*5225 29 OCT XXXXXXXXXXXXXXXXXXX7618 Canva","Account Payment","Canva 141.99 CANVA* I0431 4XXXXX*5225 29 OCT XXXXXXXXXXXXXXXXXXX7618 Canva","141.99",,"3736059.11"
,"30/10/2024","8400/000 : FNB","72.45 1xTeamCity Cl 4XX*5191 26 OCT XX5051 72.45 1xTeamCity Cl 4XXXXX*5191 26 OCT XXXXXXXXXXXXXXXXXX","Account Payment","72.45 1xTeamCity Cl 4XX*5191 26 OCT XX5051 72.45 1xTeamCity Cl 4XXXXX*5191 26 OCT XXXXXXXXXXXXXXXXX","1310.23",,"3737369.34"
,"30/10/2024","8400/000 : FNB","29.99 BEENVERIFIED 4XX*5191 28 OCT XX4541 29.99 BEENVERIFIED 4XXXXX*5191 28 OCT XXXXXXXXXXXXXXXXXXX4","Account Payment","29.99 BEENVERIFIED 4XX*5191 28 OCT XX4541 29.99 BEENVERIFIED 4XXXXX*5191 28 OCT XXXXXXXXXXXXXXXXXXX","542.35",,"3737911.69"
,"30/10/2024","8400/000 : FNB","430.00 Dlocal *Micr 4XX*5191 28 OCT XX7993 430.00 Dlocal *Micr 4XXXXX*5191 28 OCT XXXXXXXXXXXXXXXXXX","Account Payment","430.00 Dlocal *Micr 4XX*5191 28 OCT XX7993 430.00 Dlocal *Micr 4XXXXX*5191 28 OCT XXXXXXXXXXXXXXXXX","430",,"3738341.69"
,"31/10/2024","8400/000 : FNB","5050.80 FRESHWORKS 4XX*5225 29 OCT XX7473 5050.80 FRESHWORKS 4XXXXX*5225 29 OCT XXXXXXXXXXXXXXXXXXX7","Account Payment","5050.80 FRESHWORKS 4XX*5225 29 OCT XX7473 5050.80 FRESHWORKS 4XXXXX*5225 29 OCT XXXXXXXXXXXXXXXXXXX","5050.8",,"3743392.49"
,"04/11/2024","8400/000 : FNB","Google 391.60 Google GSUIT 4XXXXX*5225 01 NOV XXXXXXXXXXXXXXXXXXX8084 Google","Account Payment","Google 391.60 Google GSUIT 4XXXXX*5225 01 NOV XXXXXXXXXXXXXXXXXXX8084 Google","7702.15",,"3751094.64"
,"04/11/2024","8400/000 : FNB","Google Store 81.36 Google GSUITE 4XXXXX*5225 01 NOV XXXXXXXXXXXXXXXXXXX8085 Google Store","Account Payment","Google Store 81.36 Google GSUITE 4XXXXX*5225 01 NOV XXXXXXXXXXXXXXXXXXX8085 Google Store","1600.23",,"3752694.87"
,"05/11/2024","8400/000 : FNB","Main Acc","Account Payment","First National Bank FNB OBE XXXXXXXX XXXX0133 First National Bank","36.54",,"3752731.41"
,"06/11/2024","8400/000 : FNB","200Klingai.com","Account Payment","200.00 Klingai.com","3598.09",,"3756329.5"
,"06/11/2024","8400/000 : FNB","WWW.WOLFRAM","Account Payment","www.Wolfram","4551.58",,"3760881.08"
,"06/11/2024","8400/000 : FNB","450.00 WAPPALYZER","Account Payment","450.00 WAPPALYZER","8095.7",,"3768976.78"
,"06/11/2024","8400/000 : FNB","1499.00 APPDIRECT","Account Payment","1499 APPDIRECT","27085.22",,"3796062"
,"06/11/2024","8400/000 : FNB","SAGE ACC","Account Payment","SAGE ACC","3438",,"3799500"
,"06/11/2024","8400/000 : FNB","11.30 GITHUB","Account Payment","11.30 GITHUB","204.17",,"3799704.17"
,"06/11/2024","8400/000 : FNB","19.00 CHATBASE","Account Payment","19.00 CHATBASE","341.82",,"3800045.99"
,"06/11/2024","8400/000 : FNB","19.00 GITHUB","Account Payment","19.00 GITHUB","343.31",,"3800389.3"
,"06/11/2024","8400/000 : FNB","DNH GODADDY","Account Payment","DNH GODADDY","918.85",,"3801308.15"
,"06/11/2024","8400/000 : FNB","JINA AI","Account Payment","JINA AI","1798.86",,"3803107.01"
,"06/11/2024","8400/000 : FNB","120.75 MANAGE WP","Account Payment","120.75 MANAGE WP","2172.35",,"3805279.36"
,"06/11/2024","8400/000 : FNB","120.75 MANAGE WP","Account Payment","120.75 MANAGE WP","2172.35",,"3807451.71"
,"06/11/2024","8400/000 : FNB","182.85 WIX.COM","Account Payment","182.85 WIX.COM","3289.55",,"3810741.26"
,"07/11/2024","8400/000 : FNB","40.60 FACEBK","Account Payment","4.60 FACEBK","82.75",,"3810824.01"
,"07/11/2024","8400/000 : FNB","PADDLENET","Account Payment","PADDLE.NET","187.94",,"3811011.95"
,"07/11/2024","8400/000 : FNB","13.80 FACEBK","Account Payment","13.80 FACEBK","248.27",,"3811260.22"
,"07/11/2024","8400/000 : FNB","17.25 SLACK","Account Payment","17.25 SLACK","310.34",,"3811570.56"
,"07/11/2024","8400/000 : FNB","23.00 FACEBK","Account Payment","23.00 FACEBK","413.78",,"3811984.34"
,"07/11/2024","8400/000 : FNB","29.00 CALCOM","Account Payment","29.00 CAL.COM","521.72",,"3812506.06"
,"07/11/2024","8400/000 : FNB","47.84 DIGITAL OCEAN","Account Payment","47.84 DIGITAL OCEAN","860.67",,"3813366.73"
,"07/11/2024","8400/000 : FNB","67.85 LEMSQZY CHAT","Account Payment","67.85 LEMSQZY CHAT","1220.65",,"3814587.38"
,"07/11/2024","8400/000 : FNB","99.00 CHATBASE","Account Payment","99.00 CHATBASE","1781.05",,"3816368.43"
,"07/11/2024","8400/000 : FNB","179.00 MOZSEO:HELP@","Account Payment","179.00 MOZSEO:HELP@","3220.28",,"3819588.71"
,"08/11/2024","8400/000 : FNB","19.99 WOOCOMMERCE","Account Payment","19.99 WOOCOMMERCE","358.09",,"3819946.8"
,"08/11/2024","8400/000 : FNB","20.00 VERCEL INC.","Account Payment","20.00 VERCEL INC","358.28",,"3820305.08"
,"08/11/2024","8400/000 : FNB","20.00 VERCEL INC.","Account Payment","20.00 VERCEL INC","358.28",,"3820663.36"
,"08/11/2024","8400/000 : FNB","3.60 GETTADRESS","Account Payment","3.60 GETADDRESS","84.61",,"3820747.97"
,"09/11/2024","8400/000 : FNB","12.00 CODE SANDBOX","Account Payment","12.00 CODESANDBOX","217.99",,"3820965.96"
,"09/11/2024","8400/000 : FNB","570.40 INTUIT","Account Payment","570.40 INTUIT","570.4",,"3821536.36"
,"09/11/2024","8400/000 : FNB","FRAPPE CLOUD","Account Payment","FRAPPE CLOUD","906.69",,"3822443.05"
,"09/11/2024","8400/000 : FNB","99.00 MIOSALON","Account Payment","99.00 MIOSALON.COM","1798.48",,"3824241.53"
,"09/11/2024","8400/000 : FNB","99.00 MIOSALON.COM","Account Payment","99.00 MIOSALON.COM","1798.48",,"3826040.01"
,"09/11/2024","8400/000 : FNB","105.00 NOTION LABS","Account Payment","105.00 NOTION LABS","1907.48",,"3827947.49"
,"09/11/2024","8400/000 : FNB","134.00 SINCH MAILGU","Account Payment","134.00 SINCH MAILGU","2434.31",,"3830381.8"
,"11/11/2024","8400/000 : FNB","Payment made","Account Payment","Payment made","270.91",,"3830652.71"
,"11/11/2024","8400/000 : FNB","Payment made","Account Payment","Payment made","13046.78",,"3843699.49"
,"11/11/2024","8400/000 : FNB","Payment made","Account Payment","Payment made","4497.07",,"3848196.56"
,"11/11/2024","8400/000 : FNB","Payment made","Account Payment","Payment made","2709.08",,"3850905.64"
,"11/11/2024","8400/000 : FNB","Payment made","Account Payment","Payment made","1643.51",,"3852549.15"
,"11/11/2024","8400/000 : FNB","Payment made","Account Payment","Payment made","1300.36",,"3853849.51"
,"11/11/2024","8400/000 : FNB","Payment made","Account Payment","Payment made","519.24",,"3854368.75"
,"11/11/2024","8400/000 : FNB","Payment made","Account Payment","Payment made","451.51",,"3854820.26"
,"12/11/2024","8400/000 : FNB","Payment","Account Payment","Payment made","126.25",,"3854946.51"
,"12/11/2024","8400/000 : FNB","3691.45 SHOPIFY","Account Payment","3691.45 SHOPIFY","66573.65",,"3921520.16"
,"12/11/2024","8400/000 : FNB","2558.98 SHOPIFY","Account Payment","2558.98 SHOPIFY","46150.05",,"3967670.21"
,"12/11/2024","8400/000 : FNB","499.00 CASSIDY AI.CO","Account Payment","499.00 CASSIDY AI.CO","8999.25",,"3976669.46"
,"12/11/2024","8400/000 : FNB","240 INSOMNIA TEAM","Account Payment","240 INSOMNIA TEAM","4328.29",,"3980997.75"
,"12/11/2024","8400/000 : FNB","70.00 NOTION LABS","Account Payment","70.00 NOTION LABS","1262.42",,"3982260.17"
,"12/11/2024","8400/000 : FNB","49.00 SKRAPP IO","Account Payment","49.00 SKRAPP IO","883.7",,"3983143.87"
,"12/11/2024","8400/000 : FNB","40.00 REPLIT","Account Payment","40.00 REPLIT","721.38",,"3983865.25"
,"12/11/2024","8400/000 : FNB","25.00 BEECEPTOR","Account Payment","25.00 BEECEPTOR","450.86",,"3984316.11"
,"12/11/2024","8400/000 : FNB","25.00 BEECEPTOR","Account Payment","25.00 BEECEPTOR","450.86",,"3984766.97"
,"12/11/2024","8400/000 : FNB","20.00 VERCEL","Account Payment","20.00 VERCEL","360.69",,"3985127.66"
,"12/11/2024","8400/000 : FNB","171.12 INTUIT","Account Payment","171.12 INTUIT","171.12",,"3985298.78"
,"13/11/2024","8400/000 : FNB","189.00 GITHUB","Account Payment","189.00 GITHUB","3408.53",,"3988707.31"
,"13/11/2024","8400/000 : FNB","74.75 SHOPIFY","Account Payment","74.75 SHOPIFY","1348.08",,"3990055.39"
,"13/11/2024","8400/000 : FNB","570.40 INTUIT","Account Payment","570.40 INTUIT","570.4",,"3990625.79"
,"13/11/2024","8400/000 : FNB","570.40 INTUIT","Account Payment","570.40 INTUIT","570.4",,"3991196.19"
,"14/11/2024","8400/000 : FNB","20.30 GITHUB","Account Payment","20.3 GITHUB","372.59",,"3991568.78"
,"14/11/2024","8400/000 : FNB","15.00 TABNINE","Account Payment","15.00 TABNINE","275.31",,"3991844.09"
,"14/11/2024","8400/000 : FNB","942.49 GITHUB","Account Payment","942.49 GITHUB","17496.95",,"4009341.04"
,"14/11/2024","8400/000 : FNB","99.00 DMNS","Account Payment","99.00 DMNS.APP BUSI","1837.9",,"4011178.94"
,"14/11/2024","8400/000 : FNB","60.00 INSOMNIA TEAM","Account Payment","60.00 INSOMNIA TEAM","1113.87",,"4012292.81"
,"14/11/2024","8400/000 : FNB","32.00 BUBBLE START","Account Payment","32.00 BUBBLE START","594.07",,"4012886.88"
,"15/11/2024","8400/000 : FNB","1590 DIFY","Account Payment","1590.00 DIFY","29665.1",,"4042551.98"
,"15/11/2024","8400/000 : FNB","920.00 AUTH0.COM","Account Payment","920.00 AUTH0.COM","17079.42",,"4059631.4"
,"15/11/2024","8400/000 : FNB","180.00 AGENCY ANALYT","Account Payment","180.00 AGENCY ANALYT","3341.62",,"4062973.02"
,"15/11/2024","8400/000 : FNB","171.35 PADDLE NET","Account Payment","171.35 PADDLE.NET","3181.04",,"4066154.06"
,"15/11/2024","8400/000 : FNB","DYNAMIX","Account Payment","DYNAMIX","1847.08",,"4068001.14"
,"15/11/2024","8400/000 : FNB","OPENAI","Account Payment","OPENAI","1113.87",,"4069115.01"
,"15/11/2024","8400/000 : FNB","57.52 PADDFLE NET","Account Payment","57.52 PADDLE.NET","1073.17",,"4070188.18"
,"15/11/2024","8400/000 : FNB","21.56 SLACK","Account Payment","21.56 SLACK","400.25",,"4070588.43"
,"15/11/2024","8400/000 : FNB","20.00 HEROKU","Account Payment","20.00 HEROKU","371.29",,"4070959.72"
,"15/11/2024","8400/000 : FNB","11.49 GOOGLE","Account Payment","11.49 GOOGLE","214.37",,"4071174.09"
,"15/11/2024","8400/000 : FNB","SUMO INC.","Account Payment","SUNO INC.","185.65",,"4071359.74"
,"15/11/2024","8400/000 : FNB","WWW.FLUX","Account Payment","WWW.FLUX","92.82",,"4071452.56"
,"16/11/2024","8400/000 : FNB","599.00 TRIPLE WHALE","Account Payment","599.00 TRIPLE WHALE","11249.35",,"4082701.91"
,"16/11/2024","8400/000 : FNB","280.00 WIZA.CO","Account Payment","280.00 WIZA.CO","5224.04",,"4087925.95"
,"16/11/2024","8400/000 : FNB","153.48 OPENAI","Account Payment","153.48 OPENAI","2863.52",,"4090789.47"
,"16/11/2024","8400/000 : FNB","69.33 REPLIT","Account Payment","69.33 REPLIT","1293.51",,"4092082.98"
,"16/11/2024","8400/000 : FNB","57.40 INTUIT","Account Payment","57.40 INTUIT","570.4",,"4092653.38"
,"16/11/2024","8400/000 : FNB","30.00 ISHRAQ","Account Payment","30.00 ISHRAQ","563.41",,"4093216.79"
,"16/11/2024","8400/000 : FNB","20.00 HUGGINGFACE","Account Payment","20.00 HUGGINGFACE","373.15",,"4093589.94"
,"16/11/2024","8400/000 : FNB","20.00 RAILWAY","Account Payment","20.00 RAILWAY","373.15",,"4093963.09"
,"16/11/2024","8400/000 : FNB","14.00 GITHUB","Account Payment","14.00 GITHUB","261.2",,"4094224.29"
,"18/11/2024","8400/000 : FNB","7.00 NPM, INC. 4XX*5191 16 NOV XX4139 7.00 NPM, INC. 4XXXXX*5191 16 NOV XXXXXXXXXXXXXXXXXXX4139","Account Payment","7.00 NPM, INC. 4XX*5191 16 NOV XX4139 7.00 NPM, INC. 4XXXXX*5191 16 NOV XXXXXXXXXXXXXXXXXXX4139","130.86",,"4094355.15"
,"18/11/2024","8400/000 : FNB","350.00 FRAMER.COM 4XX*5191 16 NOV XX0189 350.00 FRAMER.COM 4XXXXX*5191 16 NOV XXXXXXXXXXXXXXXXXXX018","Account Payment","350.00 FRAMER.COM 4XX*5191 16 NOV XX0189 350.00 FRAMER.COM 4XXXXX*5191 16 NOV XXXXXXXXXXXXXXXXXXX01","350",,"4094705.15"
,"18/11/2024","8400/000 : FNB","170.28 SLACK T0MN3D 4XX*5225 15 NOV XX8713 170.28 SLACK T0MN3D 4XXXXX*5225 15 NOV XXXXXXXXXXXXXXXXXX","Account Payment","170.28 SLACK T0MN3D 4XX*5225 15 NOV XX8713 170.28 SLACK T0MN3D 4XXXXX*5225 15 NOV XXXXXXXXXXXXXXXXX","3197.89",,"4097903.04"
,"18/11/2024","8400/000 : FNB","174.00 INTERCOM R&D 4XX*5191 15 NOV XX6287 174.00 INTERCOM R&D 4XXXXX*5191 15 NOV XXXXXXXXXXXXXXXXXX","Account Payment","174.00 INTERCOM R&D 4XX*5191 15 NOV XX6287 174.00 INTERCOM R&D 4XXXXX*5191 15 NOV XXXXXXXXXXXXXXXXX","3252.61",,"4101155.65"
,"18/11/2024","8400/000 : FNB","231.95 HOLASPIRIT 4XX*5225 15 NOV XX3529 231.95 HOLASPIRIT 4XXXXX*5225 15 NOV XXXXXXXXXXXXXXXXXXX352","Account Payment","231.95 HOLASPIRIT 4XX*5225 15 NOV XX3529 231.95 HOLASPIRIT 4XXXXX*5225 15 NOV XXXXXXXXXXXXXXXXXXX35","4580.8",,"4105736.45"
,"18/11/2024","8400/000 : FNB","376.40 HOLASPIRIT 4XX*5225 15 NOV XX6139 376.40 HOLASPIRIT 4XXXXX*5225 15 NOV XXXXXXXXXXXXXXXXXXX613","Account Payment","376.40 HOLASPIRIT 4XX*5225 15 NOV XX6139 376.40 HOLASPIRIT 4XXXXX*5225 15 NOV XXXXXXXXXXXXXXXXXXX61","7433.55",,"4113170"
,"19/11/2024","8400/000 : FNB","4.99 DEEPAI 4XXXXX*5191 17 NOV XXXXXXXXXXXXXXXXXXX2752 4.99 DEEPAI 4XXXXX*5191 17 NOV XXXXXXXXXXXXXX","Account Receipt","4.99 DEEPAI 4XXXXX*5191 17 NOV XXXXXXXXXXXXXXXXXXX2752 4.99 DEEPAI 4XXXXX*5191 17 NOV XXXXXXXXXXXXX",,"88.47","4113081.53"
,"19/11/2024","8400/000 : FNB","4.99 DEEPAI 4XX*5191 15 NOV XX8364 4.99 DEEPAI 4XXXXX*5191 15 NOV XXXXXXXXXXXXXXXXXXX8364","Account Payment","4.99 DEEPAI 4XX*5191 15 NOV XX8364 4.99 DEEPAI 4XXXXX*5191 15 NOV XXXXXXXXXXXXXXXXXXX8364","93.28",,"4113174.81"
,"19/11/2024","8400/000 : FNB","7.00 NPM, INC. 4XX*5191 16 NOV XX9834 7.00 NPM, INC. 4XXXXX*5191 16 NOV XXXXXXXXXXXXXXXXXXX9834","Account Payment","7.00 NPM, INC. 4XX*5191 16 NOV XX9834 7.00 NPM, INC. 4XXXXX*5191 16 NOV XXXXXXXXXXXXXXXXXXX9834","130.86",,"4113305.67"
,"19/11/2024","8400/000 : FNB","7.00 NPM, INC. 4XX*5191 16 NOV XX8801 7.00 NPM, INC. 4XXXXX*5191 16 NOV XXXXXXXXXXXXXXXXXXX8801","Account Payment","7.00 NPM, INC. 4XX*5191 16 NOV XX8801 7.00 NPM, INC. 4XXXXX*5191 16 NOV XXXXXXXXXXXXXXXXXXX8801","130.86",,"4113436.53"
,"19/11/2024","8400/000 : FNB","7.00 NPM, INC. 4XX*5191 16 NOV XX0467 7.00 NPM, INC. 4XXXXX*5191 16 NOV XXXXXXXXXXXXXXXXXXX0467","Account Payment","7.00 NPM, INC. 4XX*5191 16 NOV XX0467 7.00 NPM, INC. 4XXXXX*5191 16 NOV XXXXXXXXXXXXXXXXXXX0467","130.86",,"4113567.39"
,"19/11/2024","8400/000 : FNB","9.00 TWENTY.COM 4XX*5191 16 NOV XX7017 9.00 TWENTY.COM 4XXXXX*5191 16 NOV XXXXXXXXXXXXXXXXXXX7017","Account Payment","9.00 TWENTY.COM 4XX*5191 16 NOV XX7017 9.00 TWENTY.COM 4XXXXX*5191 16 NOV XXXXXXXXXXXXXXXXXXX7017","168.24",,"4113735.63"
,"19/11/2024","8400/000 : FNB","20.00 VERCEL INC. 4XX*5191 16 NOV XX3344 20.00 VERCEL INC. 4XXXXX*5191 16 NOV XXXXXXXXXXXXXXXXXXX334","Account Payment","20.00 VERCEL INC. 4XX*5191 16 NOV XX3344 20.00 VERCEL INC. 4XXXXX*5191 16 NOV XXXXXXXXXXXXXXXXXXX33","373.86",,"4114109.49"
,"19/11/2024","8400/000 : FNB","99.00 PLAYFAB, INC. 4XX*5191 17 NOV XX0574 99.00 PLAYFAB, INC. 4XXXXX*5191 17 NOV XXXXXXXXXXXXXXXXXX","Account Payment","99.00 PLAYFAB, INC. 4XX*5191 17 NOV XX0574 99.00 PLAYFAB, INC. 4XXXXX*5191 17 NOV XXXXXXXXXXXXXXXXX","1850.62",,"4115960.11"
,"19/11/2024","8400/000 : FNB","203.88 AFFORAI.COM 4XX*5191 16 NOV XX1573 203.88 AFFORAI.COM 4XXXXX*5191 16 NOV XXXXXXXXXXXXXXXXXXX1","Account Payment","203.88 AFFORAI.COM 4XX*5191 16 NOV XX1573 203.88 AFFORAI.COM 4XXXXX*5191 16 NOV XXXXXXXXXXXXXXXXXXX","3811.16",,"4119771.27"
,"19/11/2024","8400/000 : FNB","852.00 10WEB.IO 4XX*5191 17 NOV XX9271 852.00 10WEB.IO 4XXXXX*5191 17 NOV XXXXXXXXXXXXXXXXXXX9271","Account Payment","852.00 10WEB.IO 4XX*5191 17 NOV XX9271 852.00 10WEB.IO 4XXXXX*5191 17 NOV XXXXXXXXXXXXXXXXXXX9271","15926.55",,"4135697.82"
,"20/11/2024","8400/000 : FNB","Facebook 289.72 FACEBK* 4XXXXX*5191 18 NOV XXXXXXXXXXXXXXXXXXX5056 Facebook","Account Payment","Facebook 289.72 FACEBK* 4XXXXX*5191 18 NOV XXXXXXXXXXXXXXXXXXX5056 Facebook","289.72",,"4135987.54"
,"20/11/2024","8400/000 : FNB","Github Inc. 42.00 GITHUB, INC. 4XXXXX*5191 18 NOV XXXXXXXXXXXXXXXXXXX1437 Github Inc.","Account Payment","Github Inc. 42.00 GITHUB, INC. 4XXXXX*5191 18 NOV XXXXXXXXXXXXXXXXXXX1437 Github Inc.","785.11",,"4136772.65"
,"20/11/2024","8400/000 : FNB","Google Service Charges/Fees #INT PYMT FEE-34.99 Googl Google","Account Payment","Google Service Charges/Fees INT PYMT FEE-34.99 Googl Google","0.61",,"4136773.26"
,"20/11/2024","8400/000 : FNB","299.00 MANGOAPPS 4XX*5191 18 NOV XX7852 299.00 MANGOAPPS 4XXXXX*5191 18 NOV XXXXXXXXXXXXXXXXXXX7852","Account Payment","299.00 MANGOAPPS 4XX*5191 18 NOV XX7852 299.00 MANGOAPPS 4XXXXX*5191 18 NOV XXXXXXXXXXXXXXXXXXX7852","5589.24",,"4142362.5"
,"21/11/2024","8400/000 : FNB","Webflow 420.00 WEBFLOW.COM 4XXXXX*5191 20 NOV XXXXXXXXXXXXXXXXXXX2053 Webflow","Account Payment","Webflow 420.00 WEBFLOW.COM 4XXXXX*5191 20 NOV XXXXXXXXXXXXXXXXXXX2053 Webflow","7792.5",,"4150155"
,"21/11/2024","8400/000 : FNB","299.00 MANGOAPPS 4XX*5191 19 NOV XX8129 299.00 MANGOAPPS 4XXXXX*5191 19 NOV XXXXXXXXXXXXXXXXXXX8129","Account Payment","299.00 MANGOAPPS 4XX*5191 19 NOV XX8129 299.00 MANGOAPPS 4XXXXX*5191 19 NOV XXXXXXXXXXXXXXXXXXX8129","5565.39",,"4155720.39"
,"21/11/2024","8400/000 : FNB","59.00 GREENBACK.COM 4XX*5225 19 NOV XX0633 59.00 GREENBACK.COM 4XXXXX*5225 19 NOV XXXXXXXXXXXXXXXXXX","Account Payment","59.00 GREENBACK.COM 4XX*5225 19 NOV XX0633 59.00 GREENBACK.COM 4XXXXX*5225 19 NOV XXXXXXXXXXXXXXXXX","1098.18",,"4156818.57"
,"21/11/2024","8400/000 : FNB","5.00 COMPONENTS.STU 4XX*5191 19 NOV XX8074 5.00 COMPONENTS.STU 4XXXXX*5191 19 NOV XXXXXXXXXXXXXXXXXX","Account Payment","5.00 COMPONENTS.STU 4XX*5191 19 NOV XX8074 5.00 COMPONENTS.STU 4XXXXX*5191 19 NOV XXXXXXXXXXXXXXXXX","93.06",,"4156911.63"
,"22/11/2024","8400/000 : FNB","74.00 PIPEDREAM, IN 4XX*5191 20 NOV XX6144 74.00 PIPEDREAM, IN 4XXXXX*5191 20 NOV XXXXXXXXXXXXXXXXXX","Account Payment","74.00 PIPEDREAM, IN 4XX*5191 20 NOV XX6144 74.00 PIPEDREAM, IN 4XXXXX*5191 20 NOV XXXXXXXXXXXXXXXXX","1372.96",,"4158284.59"
,"22/11/2024","8400/000 : FNB","54.00 AIRTABLE.COM/ 4XX*5191 21 NOV XX8607 54.00 AIRTABLE.COM/ 4XXXXX*5191 21 NOV XXXXXXXXXXXXXXXXXX","Account Payment","54.00 AIRTABLE.COM/ 4XX*5191 21 NOV XX8607 54.00 AIRTABLE.COM/ 4XXXXX*5191 21 NOV XXXXXXXXXXXXXXXXX","1002.47",,"4159287.06"
,"25/11/2024","8400/000 : FNB","299.00 ORG CHART 4XX*5191 22 NOV XX4213 299.00 ORG CHART 4XXXXX*5191 22 NOV XXXXXXXXXXXXXXXXXXX4213","Account Payment","299.00 ORG CHART 4XX*5191 22 NOV XX4213 299.00 ORG CHART 4XXXXX*5191 22 NOV XXXXXXXXXXXXXXXXXXX4213","5549.71",,"4164836.77"
,"26/11/2024","8400/000 : FNB","672.75 FIGMA 4XX*5225 24 NOV XX7631 672.75 FIGMA 4XXXXX*5225 24 NOV XXXXXXXXXXXXXXXXXXX7631","Account Payment","672.75 FIGMA 4XX*5225 24 NOV XX7631 672.75 FIGMA 4XXXXX*5225 24 NOV XXXXXXXXXXXXXXXXXXX7631","12466.41",,"4177303.18"
,"26/11/2024","8400/000 : FNB","89.00 SENTRY 4XX*5191 24 NOV XX5397 89.00 SENTRY 4XXXXX*5191 24 NOV XXXXXXXXXXXXXXXXXXX5397","Account Payment","89.00 SENTRY 4XX*5191 24 NOV XX5397 89.00 SENTRY 4XXXXX*5191 24 NOV XXXXXXXXXXXXXXXXXXX5397","1649.22",,"4178952.4"
,"26/11/2024","8400/000 : FNB","30.00 HASURA 4XX*5191 23 NOV XX3526 30.00 HASURA 4XXXXX*5191 23 NOV XXXXXXXXXXXXXXXXXXX3526","Account Payment","30.00 HASURA 4XX*5191 23 NOV XX3526 30.00 HASURA 4XXXXX*5191 23 NOV XXXXXXXXXXXXXXXXXXX3526","555.92",,"4179508.32"
,"26/11/2024","8400/000 : FNB","Dropbox 18.38 DROPBOX*WPT1T 4XXXXX*5191 24 NOV XXXXXXXXXXXXXXXXXXX0557 Dropbox","Account Payment","Dropbox 18.38 DROPBOX*WPT1T 4XXXXX*5191 24 NOV XXXXXXXXXXXXXXXXXXX0557 Dropbox","340.59",,"4179848.91"
,"26/11/2024","8400/000 : FNB","10.00 MATTERMOST 4XX*5191 24 NOV XX2442 10.00 MATTERMOST 4XXXXX*5191 24 NOV XXXXXXXXXXXXXXXXXXX2442","Account Payment","10.00 MATTERMOST 4XX*5191 24 NOV XX2442 10.00 MATTERMOST 4XXXXX*5191 24 NOV XXXXXXXXXXXXXXXXXXX2442","185.3",,"4180034.21"
,"26/11/2024","8400/000 : FNB","6.00 DOCKER, INC. 4XX*5191 24 NOV XX8974 6.00 DOCKER, INC. 4XXXXX*5191 24 NOV XXXXXXXXXXXXXXXXXXX897","Account Payment","6.00 DOCKER, INC. 4XX*5191 24 NOV XX8974 6.00 DOCKER, INC. 4XXXXX*5191 24 NOV XXXXXXXXXXXXXXXXXXX89","111.18",,"4180145.39"
,"29/11/2024","8400/000 : FNB","Intuit 570.40 INTUIT *QBoo 4XXXXX*5225 27 NOV XXXXXXXXXXXXXXXXXXX8634 Intuit","Account Payment","Intuit 570.40 INTUIT *QBoo 4XXXXX*5225 27 NOV XXXXXXXXXXXXXXXXXXX8634 Intuit","570.4",,"4180715.79"
,"29/11/2024","8400/000 : FNB","Intuit 546.25 INTUIT *QBoo 4XXXXX*5225 27 NOV XXXXXXXXXXXXXXXXXXX7298 Intuit","Account Payment","Intuit 546.25 INTUIT *QBoo 4XXXXX*5225 27 NOV XXXXXXXXXXXXXXXXXXX7298 Intuit","546.25",,"4181262.04"
,"29/11/2024","8400/000 : FNB","399.99 POE.COM 4XX*5191 27 NOV XX3364 399.99 POE.COM 4XXXXX*5191 27 NOV XXXXXXXXXXXXXXXXXXX3364","Account Payment","399.99 POE.COM 4XX*5191 27 NOV XX3364 399.99 POE.COM 4XXXXX*5191 27 NOV XXXXXXXXXXXXXXXXXXX3364","399.99",,"4181662.03"
,"29/11/2024","8400/000 : FNB","Intuit 171.12 INTUIT *QBoo 4XXXXX*5225 27 NOV XXXXXXXXXXXXXXXXXXX7439 Intuit","Account Payment","Intuit 171.12 INTUIT *QBoo 4XXXXX*5225 27 NOV XXXXXXXXXXXXXXXXXXX7439 Intuit","171.12",,"4181833.15"
,"30/11/2024","8400/000 : FNB","1150.00 AUTH0.COM 4XX*5191 29 NOV XX4583 1150.00 AUTH0.COM 4XXXXX*5191 29 NOV XXXXXXXXXXXXXXXXXXX458","Account Payment","1150.00 AUTH0.COM 4XX*5191 29 NOV XX4583 1150.00 AUTH0.COM 4XXXXX*5191 29 NOV XXXXXXXXXXXXXXXXXXX45","21448.04",,"4203281.19"
,"30/11/2024","8400/000 : FNB","150.00 AUTH0.COM 4XX*5191 28 NOV XX2610 150.00 AUTH0.COM 4XXXXX*5191 28 NOV XXXXXXXXXXXXXXXXXXX2610","Account Payment","150.00 AUTH0.COM 4XX*5191 28 NOV XX2610 150.00 AUTH0.COM 4XXXXX*5191 28 NOV XXXXXXXXXXXXXXXXXXX2610","2797.57",,"4206078.76"
,"30/11/2024","8400/000 : FNB","29.99 BEENVERIFIED 4XX*5191 28 NOV XX7798 29.99 BEENVERIFIED 4XXXXX*5191 28 NOV XXXXXXXXXXXXXXXXXXX7","Account Payment","29.99 BEENVERIFIED 4XX*5191 28 NOV XX7798 29.99 BEENVERIFIED 4XXXXX*5191 28 NOV XXXXXXXXXXXXXXXXXXX","558.35",,"4206637.11"
,"30/11/2024","8400/000 : FNB","430.00 Dlocal *Micr 4XX*5191 28 NOV XX5694 430.00 Dlocal *Micr 4XXXXX*5191 28 NOV XXXXXXXXXXXXXXXXXX","Account Payment","430.00 Dlocal *Micr 4XX*5191 28 NOV XX5694 430.00 Dlocal *Micr 4XXXXX*5191 28 NOV XXXXXXXXXXXXXXXXX","430",,"4207067.11"
,"30/11/2024","8400/000 : FNB","20.00 HUGGINGFACE 4XX*5191 28 NOV XX0905 20.00 HUGGINGFACE 4XXXXX*5191 28 NOV XXXXXXXXXXXXXXXXXXX090","Account Payment","20.00 HUGGINGFACE 4XX*5191 28 NOV XX0905 20.00 HUGGINGFACE 4XXXXX*5191 28 NOV XXXXXXXXXXXXXXXXXXX09","372.36",,"4207439.47"
,"30/11/2024","8400/000 : FNB","9.00 GITPOD.IO 4XX*5191 28 NOV XX2644 9.00 GITPOD.IO 4XXXXX*5191 28 NOV XXXXXXXXXXXXXXXXXXX2644","Account Payment","9.00 GITPOD.IO 4XX*5191 28 NOV XX2644 9.00 GITPOD.IO 4XXXXX*5191 28 NOV XXXXXXXXXXXXXXXXXXX2644","167.56",,"4207607.03"
,"30/11/2024","8400/000 : FNB","Canva 141.99 CANVA* I0435 4XXXXX*5225 29 NOV XXXXXXXXXXXXXXXXXXX5312 Canva","Account Payment","Canva 141.99 CANVA* I0435 4XXXXX*5225 29 NOV XXXXXXXXXXXXXXXXXXX5312 Canva","141.99",,"4207749.02"
,"02/12/2024","8400/000 : FNB","Shopify 3421.17 SHOPIFY* 30 4XXXXX*5191 29 NOV XXXXXXXXXXXXXXXXXXX7959 Shopify","Account Payment","Shopify 3421.17 SHOPIFY* 30 4XXXXX*5191 29 NOV XXXXXXXXXXXXXXXXXXX7959 Shopify","63806.44",,"4271555.46"
,"02/12/2024","8400/000 : FNB","5050.80 FRESHWORKS 4XX*5225 29 NOV XX0934 5050.80 FRESHWORKS 4XXXXX*5225 29 NOV XXXXXXXXXXXXXXXXXXX0","Account Payment","5050.80 FRESHWORKS 4XX*5225 29 NOV XX0934 5050.80 FRESHWORKS 4XXXXX*5225 29 NOV XXXXXXXXXXXXXXXXXXX","5050.8",,"4276606.26"
,"02/12/2024","8400/000 : FNB","67.85 LEMSQZY* CHAT 4XX*5191 30 NOV XX1451 67.85 LEMSQZY* CHAT 4XXXXX*5191 30 NOV XXXXXXXXXXXXXXXXXX","Account Payment","67.85 LEMSQZY* CHAT 4XX*5191 30 NOV XX1451 67.85 LEMSQZY* CHAT 4XXXXX*5191 30 NOV XXXXXXXXXXXXXXXXX","1255.58",,"4277861.84"
,"02/12/2024","8400/000 : FNB","Facebook 652.77 FACEBK *CTLV 4XXXXX*5191 30 NOV XXXXXXXXXXXXXXXXXXX1363 Facebook","Account Payment","Facebook 652.77 FACEBK *CTLV 4XXXXX*5191 30 NOV XXXXXXXXXXXXXXXXXXX1363 Facebook","652.77",,"4278514.61"
,"02/12/2024","8400/000 : FNB","5.00 COMPONENTS.STU 4XX*5191 29 NOV XX6607 5.00 COMPONENTS.STU 4XXXXX*5191 29 NOV XXXXXXXXXXXXXXXXXX","Account Payment","5.00 COMPONENTS.STU 4XX*5191 29 NOV XX6607 5.00 COMPONENTS.STU 4XXXXX*5191 29 NOV XXXXXXXXXXXXXXXXX","93.25",,"4278607.86"
,"03/12/2024","8400/000 : FNB","134.00 SINCH MAILGU 4XX*5191 01 DEC XX6900 134.00 SINCH MAILGU 4XXXXX*5191 01 DEC XXXXXXXXXXXXXXXXXX","Account Payment","134.00 SINCH MAILGU 4XX*5191 01 DEC XX6900 134.00 SINCH MAILGU 4XXXXX*5191 01 DEC XXXXXXXXXXXXXXXXX","2479.7",,"4281087.56"
,"03/12/2024","8400/000 : FNB","Google Store 83.96 Google GSUITE 4XXXXX*5225 01 DEC XXXXXXXXXXXXXXXXXXX0083 Google Store","Account Payment","Google Store 83.96 Google GSUITE 4XXXXX*5225 01 DEC XXXXXXXXXXXXXXXXXXX0083 Google Store","1643.07",,"4282730.63"
,"03/12/2024","8400/000 : FNB","612.00 MERMAID CHAR 4XX*5191 01 DEC XX5697 612.00 MERMAID CHAR 4XXXXX*5191 01 DEC XXXXXXXXXXXXXXXXXX","Account Payment","612.00 MERMAID CHAR 4XX*5191 01 DEC XX5697 612.00 MERMAID CHAR 4XXXXX*5191 01 DEC XXXXXXXXXXXXXXXXX","11325.19",,"4294055.82"
,"03/12/2024","8400/000 : FNB","540.00 AIRTABLE.COM 4XX*5191 02 DEC XX0020 540.00 AIRTABLE.COM 4XXXXX*5191 02 DEC XXXXXXXXXXXXXXXXXX","Account Payment","540.00 AIRTABLE.COM 4XX*5191 02 DEC XX0020 540.00 AIRTABLE.COM 4XXXXX*5191 02 DEC XXXXXXXXXXXXXXXXX","9992.82",,"4304048.64"
,"03/12/2024","8400/000 : FNB","Google 391.60 Google GSUIT 4XXXXX*5225 01 DEC XXXXXXXXXXXXXXXXXXX3089 Google","Account Payment","Google 391.60 Google GSUIT 4XXXXX*5225 01 DEC XXXXXXXXXXXXXXXXXXX3089 Google","7663.47",,"4311712.11"
,"03/12/2024","8400/000 : FNB","Canva 6799.90 CANVA* I043 4XXXXX*5225 01 DEC XXXXXXXXXXXXXXXXXXX3574 Canva","Account Payment","Canva 6799.90 CANVA* I043 4XXXXX*5225 01 DEC XXXXXXXXXXXXXXXXXXX3574 Canva","6799.9",,"4318512.01"
,"03/12/2024","8400/000 : FNB","Google 298.08 Google GSUIT 4XXXXX*5191 01 DEC XXXXXXXXXXXXXXXXXXX5047 Google","Account Payment","Google 298.08 Google GSUIT 4XXXXX*5191 01 DEC XXXXXXXXXXXXXXXXXXX5047 Google","5516.04",,"4324028.05"
,"03/12/2024","8400/000 : FNB","Wix.com 182.85 Wix.Com, Inc 4XXXXX*5191 02 DEC XXXXXXXXXXXXXXXXXXX0075 Wix.com","Account Payment","Wix.com 182.85 Wix.Com, Inc 4XXXXX*5191 02 DEC XXXXXXXXXXXXXXXXXXX0075 Wix.com","3410.24",,"4327438.29"
,"03/12/2024","8400/000 : FNB","50.09 FRAPPE CLOUD 4XX*5191 30 NOV XX5621 50.09 FRAPPE CLOUD 4XXXXX*5191 30 NOV XXXXXXXXXXXXXXXXXXX5","Account Payment","50.09 FRAPPE CLOUD 4XX*5191 30 NOV XX5621 50.09 FRAPPE CLOUD 4XXXXX*5191 30 NOV XXXXXXXXXXXXXXXXXXX","926.93",,"4328365.22"
,"03/12/2024","8400/000 : FNB","Digitalocean 47.84 DIGITALOCEAN. 4XXXXX*5191 01 DEC XXXXXXXXXXXXXXXXXXX1410 Digitalocean","Account Payment","Digitalocean 47.84 DIGITALOCEAN. 4XXXXX*5191 01 DEC XXXXXXXXXXXXXXXXXXX1410 Digitalocean","885.29",,"4329250.51"
,"03/12/2024","8400/000 : FNB","17.25 SLACK T06A3T4 4XX*5191 01 DEC XX9598 17.25 SLACK T06A3T4 4XXXXX*5191 01 DEC XXXXXXXXXXXXXXXXXX","Account Payment","17.25 SLACK T06A3T4 4XX*5191 01 DEC XX9598 17.25 SLACK T06A3T4 4XXXXX*5191 01 DEC XXXXXXXXXXXXXXXXX","319.22",,"4329569.73"
,"04/12/2024","8400/000 : FNB","BT Group BOB GROUP 4XXXXX*5191 01 DEC XXXXXXXXXXXXXXXXXXX9596 BT Group","Account Payment","BT Group BOB GROUP 4XXXXX*5191 01 DEC XXXXXXXXXXXXXXXXXXX9596 BT Group","2298.85",,"4331868.58"
,"04/12/2024","8400/000 : FNB","345.00 1xTeamCity C 4XX*5191 01 DEC XX6059 345.00 1xTeamCity C 4XXXXX*5191 01 DEC XXXXXXXXXXXXXXXXXX","Account Payment","345.00 1xTeamCity C 4XX*5191 01 DEC XX6059 345.00 1xTeamCity C 4XXXXX*5191 01 DEC XXXXXXXXXXXXXXXXX","6384.3",,"4338252.88"
,"04/12/2024","8400/000 : FNB","576.00 LEONARDO.AI 4XX*5225 02 DEC XX9108 576.00 LEONARDO.AI 4XXXXX*5225 02 DEC XXXXXXXXXXXXXXXXXXX9","Account Payment","576.00 LEONARDO.AI 4XX*5225 02 DEC XX9108 576.00 LEONARDO.AI 4XXXXX*5225 02 DEC XXXXXXXXXXXXXXXXXXX","10659",,"4348911.88"
,"06/12/2024","8400/000 : FNB","CLOUDFLARE 4XX*5191 04 DEC XX0992 CLOUDFLARE 4XXXXX*5191 04 DEC XXXXXXXXXXXXXXXXXXX0992","Account Payment","CLOUDFLARE 4XX*5191 04 DEC XX0992 CLOUDFLARE 4XXXXX*5191 04 DEC XXXXXXXXXXXXXXXXXXX0992","14.31",,"4348926.19"
,"06/12/2024","8400/000 : FNB","Github Inc. 10.77 GITHUB, INC. 4XXXXX*5225 04 DEC XXXXXXXXXXXXXXXXXXX5943 Github Inc.","Account Payment","Github Inc. 10.77 GITHUB, INC. 4XXXXX*5225 04 DEC XXXXXXXXXXXXXXXXXXX5943 Github Inc.","200.12",,"4349126.31"
,"06/12/2024","8400/000 : FNB","19.00 CHATBASE 4XX*5191 05 DEC XX4805 19.00 CHATBASE 4XXXXX*5191 05 DEC XXXXXXXXXXXXXXXXXXX4805","Account Payment","19.00 CHATBASE 4XX*5191 05 DEC XX4805 19.00 CHATBASE 4XXXXX*5191 05 DEC XXXXXXXXXXXXXXXXXXX4805","352.76",,"4349479.07"
,"06/12/2024","8400/000 : FNB","Github Inc. 19.00 GITHUB, INC. 4XXXXX*5225 04 DEC XXXXXXXXXXXXXXXXXXX5653 Github Inc.","Account Payment","Github Inc. 19.00 GITHUB, INC. 4XXXXX*5225 04 DEC XXXXXXXXXXXXXXXXXXX5653 Github Inc.","353.06",,"4349832.13"
,"06/12/2024","8400/000 : FNB","99.99 JINA.AI 4XX*5191 05 DEC XX2768 99.99 JINA.AI 4XXXXX*5191 05 DEC XXXXXXXXXXXXXXXXXXX2768","Account Payment","99.99 JINA.AI 4XX*5191 05 DEC XX2768 99.99 JINA.AI 4XXXXX*5191 05 DEC XXXXXXXXXXXXXXXXXXX2768","1856.42",,"4351688.55"
,"06/12/2024","8400/000 : FNB","ManageWP 120.75 MANAGEWP 4XXXXX*5225 05 DEC XXXXXXXXXXXXXXXXXXX5184 ManageWP","Account Payment","ManageWP 120.75 MANAGEWP 4XXXXX*5225 05 DEC XXXXXXXXXXXXXXXXXXX5184 ManageWP","2241.85",,"4353930.4"
,"06/12/2024","8400/000 : FNB","ManageWP 120.75 MANAGEWP 4XXXXX*5225 05 DEC XXXXXXXXXXXXXXXXXXX5192 ManageWP","Account Payment","ManageWP 120.75 MANAGEWP 4XXXXX*5225 05 DEC XXXXXXXXXXXXXXXXXXX5192 ManageWP","2241.85",,"4356172.25"
,"06/12/2024","8400/000 : FNB","253.00 WWW.WOLFRAM. 4XX*5191 05 DEC XX9384 253.00 WWW.WOLFRAM. 4XXXXX*5191 05 DEC XXXXXXXXXXXXXXXXXX","Account Payment","253.00 WWW.WOLFRAM. 4XX*5191 05 DEC XX9384 253.00 WWW.WOLFRAM. 4XXXXX*5191 05 DEC XXXXXXXXXXXXXXXXX","4697.2",,"4360869.45"
,"06/12/2024","8400/000 : FNB","450.00 WAPPALYZER 4XX*5191 04 DEC XX0472 450.00 WAPPALYZER 4XXXXX*5191 04 DEC XXXXXXXXXXXXXXXXXXX047","Account Payment","450.00 WAPPALYZER 4XX*5191 04 DEC XX0472 450.00 WAPPALYZER 4XXXXX*5191 04 DEC XXXXXXXXXXXXXXXXXXX04","8361.92",,"4369231.37"
,"06/12/2024","8400/000 : FNB","599.00 TRIPLE WHALE 4XX*5191 04 DEC XX6660 599.00 TRIPLE WHALE 4XXXXX*5191 04 DEC XXXXXXXXXXXXXXXXXX","Account Payment","599.00 TRIPLE WHALE 4XX*5191 04 DEC XX6660 599.00 TRIPLE WHALE 4XXXXX*5191 04 DEC XXXXXXXXXXXXXXXXX","11130.65",,"4380362.02"
,"06/12/2024","8400/000 : FNB","1499.00 APPDIRECT 4XX*5225 04 DEC XX1363 1499.00 APPDIRECT 4XXXXX*5225 04 DEC XXXXXXXXXXXXXXXXXXX136","Account Payment","1499.00 APPDIRECT 4XX*5225 04 DEC XX1363 1499.00 APPDIRECT 4XXXXX*5225 04 DEC XXXXXXXXXXXXXXXXXXX13","27854.49",,"4408216.51"
,"07/12/2024","8400/000 : FNB","Facebook 4.60 FACEBK *M46JVE 4XXXXX*5191 05 DEC XXXXXXXXXXXXXXXXXXX7063 Facebook","Account Payment","Facebook 4.60 FACEBK *M46JVE 4XXXXX*5191 05 DEC XXXXXXXXXXXXXXXXXXX7063 Facebook","85.4",,"4408301.91"
,"07/12/2024","8400/000 : FNB","187.94 PADDLE.NET* 4XX*5191 05 DEC XX2132 187.94 PADDLE.NET* 4XXXXX*5191 05 DEC XXXXXXXXXXXXXXXXXXX2","Account Payment","187.94 PADDLE.NET* 4XX*5191 05 DEC XX2132 187.94 PADDLE.NET* 4XXXXX*5191 05 DEC XXXXXXXXXXXXXXXXXXX","187.94",,"4408489.85"
,"07/12/2024","8400/000 : FNB","Facebook 13.80 FACEBK *L4WAD 4XXXXX*5191 05 DEC XXXXXXXXXXXXXXXXXXX5091 Facebook","Account Payment","Facebook 13.80 FACEBK *L4WAD 4XXXXX*5191 05 DEC XXXXXXXXXXXXXXXXXXX5091 Facebook","256.21",,"4408746.06"
,"07/12/2024","8400/000 : FNB","Facebook 23.00 FACEBK *M9RDH 4XXXXX*5191 05 DEC XXXXXXXXXXXXXXXXXXX3085 Facebook","Account Payment","Facebook 23.00 FACEBK *M9RDH 4XXXXX*5191 05 DEC XXXXXXXXXXXXXXXXXXX3085 Facebook","427.02",,"4409173.08"
,"07/12/2024","8400/000 : FNB","29.00 CAL.COM 4XX*5191 05 DEC XX2317 29.00 CAL.COM 4XXXXX*5191 05 DEC XXXXXXXXXXXXXXXXXXX2317","Account Payment","29.00 CAL.COM 4XX*5191 05 DEC XX2317 29.00 CAL.COM 4XXXXX*5191 05 DEC XXXXXXXXXXXXXXXXXXX2317","538.42",,"4409711.5"
,"07/12/2024","8400/000 : FNB","99.00 CHATBASE 4XX*5191 05 DEC XX3123 99.00 CHATBASE 4XXXXX*5191 05 DEC XXXXXXXXXXXXXXXXXXX3123","Account Payment","99.00 CHATBASE 4XX*5191 05 DEC XX3123 99.00 CHATBASE 4XXXXX*5191 05 DEC XXXXXXXXXXXXXXXXXXX3123","1838.04",,"4411549.54"
,"09/12/2024","8400/000 : FNB","19.99 WOOCOMMERCE S 4XX*5225 06 DEC XX0918 19.99 WOOCOMMERCE S 4XXXXX*5225 06 DEC XXXXXXXXXXXXXXXXXX","Account Payment","19.99 WOOCOMMERCE S 4XX*5225 06 DEC XX0918 19.99 WOOCOMMERCE S 4XXXXX*5225 06 DEC XXXXXXXXXXXXXXXXX","371.25",,"4411920.79"
,"09/12/2024","8400/000 : FNB","20.00 VERCEL INC. 4XX*5225 06 DEC XX6304 20.00 VERCEL INC. 4XXXXX*5225 06 DEC XXXXXXXXXXXXXXXXXXX630","Account Payment","20.00 VERCEL INC. 4XX*5225 06 DEC XX6304 20.00 VERCEL INC. 4XXXXX*5225 06 DEC XXXXXXXXXXXXXXXXXXX63","371.43",,"4412292.22"
,"09/12/2024","8400/000 : FNB","20.00 VERCEL INC. 4XX*5225 06 DEC XX7235 20.00 VERCEL INC. 4XXXXX*5225 06 DEC XXXXXXXXXXXXXXXXXXX723","Account Payment","20.00 VERCEL INC. 4XX*5225 06 DEC XX7235 20.00 VERCEL INC. 4XXXXX*5225 06 DEC XXXXXXXXXXXXXXXXXXX72","371.43",,"4412663.65"
,"10/12/2024","8400/000 : FNB","Google Store 34.99 Google One 4XXXXX*5191 08 DEC XXXXXXXXXXXXXXXXXXX1094 Google Store","Account Payment","Google Store 34.99 Google One 4XXXXX*5191 08 DEC XXXXXXXXXXXXXXXXXXX1094 Google Store","34.99",,"4412698.64"
,"10/12/2024","8400/000 : FNB","3.60 GETADDRESS.IO 4XX*5225 07 DEC XX7994 3.60 GETADDRESS.IO 4XXXXX*5225 07 DEC XXXXXXXXXXXXXXXXXXX7","Account Payment","3.60 GETADDRESS.IO 4XX*5225 07 DEC XX7994 3.60 GETADDRESS.IO 4XXXXX*5225 07 DEC XXXXXXXXXXXXXXXXXXX","84.73",,"4412783.37"
,"10/12/2024","8400/000 : FNB","179.00 MOZSEO:HELP@ 4XX*5191 07 DEC XX1924 179.00 MOZSEO:HELP@ 4XXXXX*5191 07 DEC XXXXXXXXXXXXXXXXXX","Account Payment","179.00 MOZSEO:HELP@ 4XX*5191 07 DEC XX1924 179.00 MOZSEO:HELP@ 4XXXXX*5191 07 DEC XXXXXXXXXXXXXXXXX","3303.49",,"4416086.86"
,"10/12/2024","8400/000 : FNB","Stable 249.00 STABLE 4XXXXX*5191 08 DEC XXXXXXXXXXXXXXXXXXX8513 Stable","Account Payment","Stable 249.00 STABLE 4XXXXX*5191 08 DEC XXXXXXXXXXXXXXXXXXX8513 Stable","4595.36",,"4420682.22"
,"10/12/2024","8400/000 : FNB","920.00 AUTH0.COM 4XX*5191 08 DEC XX9998 920.00 AUTH0.COM 4XXXXX*5191 08 DEC XXXXXXXXXXXXXXXXXXX9998","Account Payment","920.00 AUTH0.COM 4XX*5191 08 DEC XX9998 920.00 AUTH0.COM 4XXXXX*5191 08 DEC XXXXXXXXXXXXXXXXXXX9998","16978.84",,"4437661.06"
,"10/12/2024","8400/000 : FNB","Shopify 2558.98 SHOPIFY* 30 4XXXXX*5191 08 DEC XXXXXXXXXXXXXXXXXXX5656 Shopify","Account Payment","Shopify 2558.98 SHOPIFY* 30 4XXXXX*5191 08 DEC XXXXXXXXXXXXXXXXXXX5656 Shopify","47226.64",,"4484887.7"
,"10/12/2024","8400/000 : FNB","25.00 NOTION LABS, 4XX*5191 08 DEC XX6582 25.00 NOTION LABS, 4XXXXX*5191 08 DEC XXXXXXXXXXXXXXXXXXX6","Account Payment","25.00 NOTION LABS, 4XX*5191 08 DEC XX6582 25.00 NOTION LABS, 4XXXXX*5191 08 DEC XXXXXXXXXXXXXXXXXXX","461.38",,"4485349.08"
,"10/12/2024","8400/000 : FNB","Intuit 570.40 INTUIT *QBoo 4XXXXX*5225 07 DEC XXXXXXXXXXXXXXXXXXX9940 Intuit","Account Payment","Intuit 570.40 INTUIT *QBoo 4XXXXX*5225 07 DEC XXXXXXXXXXXXXXXXXXX9940 Intuit","570.4",,"4485919.48"
,"10/12/2024","8400/000 : FNB","63.25 CLOUDFLARE 4XX*5191 08 DEC XX1331 63.25 CLOUDFLARE 4XXXXX*5191 08 DEC XXXXXXXXXXXXXXXXXXX1331","Account Payment","63.25 CLOUDFLARE 4XX*5191 08 DEC XX1331 63.25 CLOUDFLARE 4XXXXX*5191 08 DEC XXXXXXXXXXXXXXXXXXX1331","1167.3",,"4487086.78"
,"10/12/2024","8400/000 : FNB","72.00 TERMIUS CORPO 4XX*5191 08 DEC XX7655 72.00 TERMIUS CORPO 4XXXXX*5191 08 DEC XXXXXXXXXXXXXXXXXX","Account Payment","72.00 TERMIUS CORPO 4XX*5191 08 DEC XX7655 72.00 TERMIUS CORPO 4XXXXX*5191 08 DEC XXXXXXXXXXXXXXXXX","1328.77",,"4488415.55"
,"10/12/2024","8400/000 : FNB","Github Inc. 91.00 GITHUB, INC. 4XXXXX*5191 08 DEC XXXXXXXXXXXXXXXXXXX2402 Github Inc.","Account Payment","Github Inc. 91.00 GITHUB, INC. 4XXXXX*5191 08 DEC XXXXXXXXXXXXXXXXXXX2402 Github Inc.","1679.43",,"4490094.98"
,"10/12/2024","8400/000 : FNB","99.00 MIOSALON.COM( 4XX*5225 07 DEC XX5982 99.00 MIOSALON.COM( 4XXXXX*5225 07 DEC XXXXXXXXXXXXXXXXXX","Account Payment","99.00 MIOSALON.COM( 4XX*5225 07 DEC XX5982 99.00 MIOSALON.COM( 4XXXXX*5225 07 DEC XXXXXXXXXXXXXXXXX","1827.08",,"4491922.06"
,"10/12/2024","8400/000 : FNB","99.00 MIOSALON.COM( 4XX*5225 07 DEC XX8803 99.00 MIOSALON.COM( 4XXXXX*5225 07 DEC XXXXXXXXXXXXXXXXXX","Account Payment","99.00 MIOSALON.COM( 4XX*5225 07 DEC XX8803 99.00 MIOSALON.COM( 4XXXXX*5225 07 DEC XXXXXXXXXXXXXXXXX","1827.08",,"4493749.14"
,"10/12/2024","8400/000 : FNB","105.00 NOTION LABS, 4XX*5225 07 DEC XX9228 105.00 NOTION LABS, 4XXXXX*5225 07 DEC XXXXXXXXXXXXXXXXXX","Account Payment","105.00 NOTION LABS, 4XX*5225 07 DEC XX9228 105.00 NOTION LABS, 4XXXXX*5225 07 DEC XXXXXXXXXXXXXXXXX","1937.81",,"4495686.95"
,"10/12/2024","8400/000 : FNB","150.00 AUTH0.COM 4XX*5191 08 DEC XX5149 150.00 AUTH0.COM 4XXXXX*5191 08 DEC XXXXXXXXXXXXXXXXXXX5149","Account Payment","150.00 AUTH0.COM 4XX*5191 08 DEC XX5149 150.00 AUTH0.COM 4XXXXX*5191 08 DEC XXXXXXXXXXXXXXXXXXX5149","2768.29",,"4498455.24"
,"10/12/2024","8400/000 : FNB","171.35 PADDLE.NET* 4XX*5191 08 DEC XX3232 171.35 PADDLE.NET* 4XXXXX*5191 08 DEC XXXXXXXXXXXXXXXXXXX3","Account Payment","171.35 PADDLE.NET* 4XX*5191 08 DEC XX3232 171.35 PADDLE.NET* 4XXXXX*5191 08 DEC XXXXXXXXXXXXXXXXXXX","3162.31",,"4501617.55"
,"10/12/2024","8400/000 : FNB","7.00 NPM, INC. 4XX*5191 08 DEC XX9950 7.00 NPM, INC. 4XXXXX*5191 08 DEC XXXXXXXXXXXXXXXXXXX9950","Account Payment","7.00 NPM, INC. 4XX*5191 08 DEC XX9950 7.00 NPM, INC. 4XXXXX*5191 08 DEC XXXXXXXXXXXXXXXXXXX9950","129.18",,"4501746.73"
,"10/12/2024","8400/000 : FNB","7.00 NPM, INC. 4XX*5191 08 DEC XX7277 7.00 NPM, INC. 4XXXXX*5191 08 DEC XXXXXXXXXXXXXXXXXXX7277","Account Payment","7.00 NPM, INC. 4XX*5191 08 DEC XX7277 7.00 NPM, INC. 4XXXXX*5191 08 DEC XXXXXXXXXXXXXXXXXXX7277","129.18",,"4501875.91"
,"10/12/2024","8400/000 : FNB","7.00 NPM, INC. 4XX*5191 08 DEC XX9664 7.00 NPM, INC. 4XXXXX*5191 08 DEC XXXXXXXXXXXXXXXXXXX9664","Account Payment","7.00 NPM, INC. 4XX*5191 08 DEC XX9664 7.00 NPM, INC. 4XXXXX*5191 08 DEC XXXXXXXXXXXXXXXXXXX9664","129.18",,"4502005.09"
,"10/12/2024","8400/000 : FNB","7.00 NPM, INC. 4XX*5191 08 DEC XX2740 7.00 NPM, INC. 4XXXXX*5191 08 DEC XXXXXXXXXXXXXXXXXXX2740","Account Payment","7.00 NPM, INC. 4XX*5191 08 DEC XX2740 7.00 NPM, INC. 4XXXXX*5191 08 DEC XXXXXXXXXXXXXXXXXXX2740","129.18",,"4502134.27"
,"10/12/2024","8400/000 : FNB","12.00 CODESANDBOX 4XX*5191 07 DEC XX3642 12.00 CODESANDBOX 4XXXXX*5191 07 DEC XXXXXXXXXXXXXXXXXXX364","Account Payment","12.00 CODESANDBOX 4XX*5191 07 DEC XX3642 12.00 CODESANDBOX 4XXXXX*5191 07 DEC XXXXXXXXXXXXXXXXXXX36","221.46",,"4502355.73"
,"10/12/2024","8400/000 : FNB","Hightail 15.00 HIGHTAIL 4XXXXX*5191 08 DEC XXXXXXXXXXXXXXXXXXX1287 Hightail","Account Payment","Hightail 15.00 HIGHTAIL 4XXXXX*5191 08 DEC XXXXXXXXXXXXXXXXXXX1287 Hightail","276.83",,"4502632.56"
,"10/12/2024","8400/000 : FNB","15.00 CAL.COM 4XX*5191 08 DEC XX6009 15.00 CAL.COM 4XXXXX*5191 08 DEC XXXXXXXXXXXXXXXXXXX6009","Account Payment","15.00 CAL.COM 4XX*5191 08 DEC XX6009 15.00 CAL.COM 4XXXXX*5191 08 DEC XXXXXXXXXXXXXXXXXXX6009","276.83",,"4502909.39"
,"10/12/2024","8400/000 : FNB","Facebook Service Charges/Fees #INT PYMT FEE-652.77 FACE Facebook","Account Payment","Facebook Service Charges/Fees INT PYMT FEE-652.77 FACE Facebook","13.06",,"4502922.45"
,"11/12/2024","8400/000 : FNB","7.00 CHATBASE 4XX*5191 10 DEC XX9426 7.00 CHATBASE 4XXXXX*5191 10 DEC XXXXXXXXXXXXXXXXXXX9426","Account Payment","7.00 CHATBASE 4XX*5191 10 DEC XX9426 7.00 CHATBASE 4XXXXX*5191 10 DEC XXXXXXXXXXXXXXXXXXX9426","129.04",,"4503051.49"
,"11/12/2024","8400/000 : FNB","Intuit 171.12 INTUIT *QBoo 4XXXXX*5225 09 DEC XXXXXXXXXXXXXXXXXXX7361 Intuit","Account Payment","Intuit 171.12 INTUIT *QBoo 4XXXXX*5225 09 DEC XXXXXXXXXXXXXXXXXXX7361 Intuit","171.12",,"4503222.61"
,"11/12/2024","8400/000 : FNB","499.00 CASSIDYAI.CO 4XX*5191 09 DEC XX7088 499.00 CASSIDYAI.CO 4XXXXX*5191 09 DEC XXXXXXXXXXXXXXXXXX","Account Payment","499.00 CASSIDYAI.CO 4XX*5191 09 DEC XX7088 499.00 CASSIDYAI.CO 4XXXXX*5191 09 DEC XXXXXXXXXXXXXXXXX","9209.17",,"4512431.78"
,"11/12/2024","8400/000 : FNB","20.00 VERCEL INC. 4XX*5191 09 DEC XX5694 20.00 VERCEL INC. 4XXXXX*5191 09 DEC XXXXXXXXXXXXXXXXXXX569","Account Payment","20.00 VERCEL INC. 4XX*5191 09 DEC XX5694 20.00 VERCEL INC. 4XXXXX*5191 09 DEC XXXXXXXXXXXXXXXXXXX56","369.11",,"4512800.89"
,"11/12/2024","8400/000 : FNB","20.00 HEROKU* NOV-9 4XX*5191 09 DEC XX8473 20.00 HEROKU* NOV-9 4XXXXX*5191 09 DEC XXXXXXXXXXXXXXXXXX","Account Payment","20.00 HEROKU* NOV-9 4XX*5191 09 DEC XX8473 20.00 HEROKU* NOV-9 4XXXXX*5191 09 DEC XXXXXXXXXXXXXXXXX","369.11",,"4513170"
,"11/12/2024","8400/000 : FNB","21.56 SLACK T0740DV 4XX*5191 10 DEC XX4046 21.56 SLACK T0740DV 4XXXXX*5191 10 DEC XXXXXXXXXXXXXXXXXX","Account Payment","21.56 SLACK T0740DV 4XX*5191 10 DEC XX4046 21.56 SLACK T0740DV 4XXXXX*5191 10 DEC XXXXXXXXXXXXXXXXX","397.45",,"4513567.45"
,"11/12/2024","8400/000 : FNB","25.00 BEECEPTOR 4XX*5191 09 DEC XX0323 25.00 BEECEPTOR 4XXXXX*5191 09 DEC XXXXXXXXXXXXXXXXXXX0323","Account Payment","25.00 BEECEPTOR 4XX*5191 09 DEC XX0323 25.00 BEECEPTOR 4XXXXX*5191 09 DEC XXXXXXXXXXXXXXXXXXX0323","461.38",,"4514028.83"
,"11/12/2024","8400/000 : FNB","25.00 BEECEPTOR 4XX*5191 09 DEC XX0612 25.00 BEECEPTOR 4XXXXX*5191 09 DEC XXXXXXXXXXXXXXXXXXX0612","Account Payment","25.00 BEECEPTOR 4XX*5191 09 DEC XX0612 25.00 BEECEPTOR 4XXXXX*5191 09 DEC XXXXXXXXXXXXXXXXXXX0612","461.38",,"4514490.21"
,"11/12/2024","8400/000 : FNB","30.00 ISHRAQ LLC 4XX*5191 09 DEC XX8957 30.00 ISHRAQ LLC 4XXXXX*5191 09 DEC XXXXXXXXXXXXXXXXXXX8957","Account Payment","30.00 ISHRAQ LLC 4XX*5191 09 DEC XX8957 30.00 ISHRAQ LLC 4XXXXX*5191 09 DEC XXXXXXXXXXXXXXXXXXX8957","553.66",,"4515043.87"
,"11/12/2024","8400/000 : FNB","40.00 REPLIT, INC. 4XX*5191 09 DEC XX9010 40.00 REPLIT, INC. 4XXXXX*5191 09 DEC XXXXXXXXXXXXXXXXXXX9","Account Payment","40.00 REPLIT, INC. 4XX*5191 09 DEC XX9010 40.00 REPLIT, INC. 4XXXXX*5191 09 DEC XXXXXXXXXXXXXXXXXXX","738.21",,"4515782.08"
,"11/12/2024","8400/000 : FNB","49.00 SKRAPP.IO STA 4XX*5191 09 DEC XX3571 49.00 SKRAPP.IO STA 4XXXXX*5191 09 DEC XXXXXXXXXXXXXXXXXX","Account Payment","49.00 SKRAPP.IO STA 4XX*5191 09 DEC XX3571 49.00 SKRAPP.IO STA 4XXXXX*5191 09 DEC XXXXXXXXXXXXXXXXX","904.31",,"4516686.39"
,"11/12/2024","8400/000 : FNB","60.00 OPENAI *CHATG 4XX*5191 09 DEC XX4414 60.00 OPENAI *CHATG 4XXXXX*5191 09 DEC XXXXXXXXXXXXXXXXXX","Account Payment","60.00 OPENAI *CHATG 4XX*5191 09 DEC XX4414 60.00 OPENAI *CHATG 4XXXXX*5191 09 DEC XXXXXXXXXXXXXXXXX","1107.31",,"4517793.7"
,"11/12/2024","8400/000 : FNB","70.00 NOTION LABS, 4XX*5191 10 DEC XX3797 70.00 NOTION LABS, 4XXXXX*5191 10 DEC XXXXXXXXXXXXXXXXXXX3","Account Payment","70.00 NOTION LABS, 4XX*5191 10 DEC XX3797 70.00 NOTION LABS, 4XXXXX*5191 10 DEC XXXXXXXXXXXXXXXXXXX","1290.42",,"4519084.12"
,"12/12/2024","8400/000 : FNB","Facebook 135.79 FACEBK *9WR9 4XXXXX*5191 10 DEC XXXXXXXXXXXXXXXXXXX1497 Facebook","Account Payment","Facebook 135.79 FACEBK *9WR9 4XXXXX*5191 10 DEC XXXXXXXXXXXXXXXXXXX1497 Facebook","135.79",,"4519219.91"
,"12/12/2024","8400/000 : FNB","32.00 BUBBLE STARTE 4XX*5191 11 DEC XX2714 32.00 BUBBLE STARTE 4XXXXX*5191 11 DEC XXXXXXXXXXXXXXXXXX","Account Payment","32.00 BUBBLE STARTE 4XX*5191 11 DEC XX2714 32.00 BUBBLE STARTE 4XXXXX*5191 11 DEC XXXXXXXXXXXXXXXXX","584.85",,"4519804.76"
,"12/12/2024","8400/000 : FNB","99.00 DYNAMIC.XYZ 4XX*5191 11 DEC XX0469 99.00 DYNAMIC.XYZ 4XXXXX*5191 11 DEC XXXXXXXXXXXXXXXXXXX046","Account Payment","99.00 DYNAMIC.XYZ 4XX*5191 11 DEC XX0469 99.00 DYNAMIC.XYZ 4XXXXX*5191 11 DEC XXXXXXXXXXXXXXXXXXX04","1809.38",,"4521614.14"
,"12/12/2024","8400/000 : FNB","99.00 PLAYFAB, INC. 4XX*5191 10 DEC XX9410 99.00 PLAYFAB, INC. 4XXXXX*5191 10 DEC XXXXXXXXXXXXXXXXXX","Account Payment","99.00 PLAYFAB, INC. 4XX*5191 10 DEC XX9410 99.00 PLAYFAB, INC. 4XXXXX*5191 10 DEC XXXXXXXXXXXXXXXXX","1825.02",,"4523439.16"
,"12/12/2024","8400/000 : FNB","Shopify 3633.95 SHOPIFY* 30 4XXXXX*5225 10 DEC XXXXXXXXXXXXXXXXXXX6945 Shopify","Account Payment","Shopify 3633.95 SHOPIFY* 30 4XXXXX*5225 10 DEC XXXXXXXXXXXXXXXXXXX6945 Shopify","66990.21",,"4590429.37"
,"13/12/2024","8400/000 : FNB","9.00 TWENTY.COM 4XX*5191 11 DEC XX8000 9.00 TWENTY.COM 4XXXXX*5191 11 DEC XXXXXXXXXXXXXXXXXXX8000","Account Payment","9.00 TWENTY.COM 4XX*5191 11 DEC XX8000 9.00 TWENTY.COM 4XXXXX*5191 11 DEC XXXXXXXXXXXXXXXXXXX8000","164.49",,"4590593.86"
,"13/12/2024","8400/000 : FNB","Intuit 570.40 INTUIT *QBoo 4XXXXX*5225 11 DEC XXXXXXXXXXXXXXXXXXX7523 Intuit","Account Payment","Intuit 570.40 INTUIT *QBoo 4XXXXX*5225 11 DEC XXXXXXXXXXXXXXXXXXX7523 Intuit","570.4",,"4591164.26"
,"13/12/2024","8400/000 : FNB","Intuit 570.40 INTUIT *QBoo 4XXXXX*5225 11 DEC XXXXXXXXXXXXXXXXXXX7564 Intuit","Account Payment","Intuit 570.40 INTUIT *QBoo 4XXXXX*5225 11 DEC XXXXXXXXXXXXXXXXXXX7564 Intuit","570.4",,"4591734.66"
,"13/12/2024","8400/000 : FNB","Github Inc. 42.00 GITHUB, INC. 4XXXXX*5191 11 DEC XXXXXXXXXXXXXXXXXXX4711 Github Inc.","Account Payment","Github Inc. 42.00 GITHUB, INC. 4XXXXX*5191 11 DEC XXXXXXXXXXXXXXXXXXX4711 Github Inc.","767.61",,"4592502.27"
,"13/12/2024","8400/000 : FNB","Github Inc. 70.64 GITHUB, INC. 4XXXXX*5191 11 DEC XXXXXXXXXXXXXXXXXXX2266 Github Inc.","Account Payment","Github Inc. 70.64 GITHUB, INC. 4XXXXX*5191 11 DEC XXXXXXXXXXXXXXXXXXX2266 Github Inc.","1291.05",,"4593793.32"
,"13/12/2024","8400/000 : FNB","Shopify 74.75 SHOPIFY* 3052 4XXXXX*5225 11 DEC XXXXXXXXXXXXXXXXXXX4961 Shopify","Account Payment","Shopify 74.75 SHOPIFY* 3052 4XXXXX*5225 11 DEC XXXXXXXXXXXXXXXXXXX4961 Shopify","1366.17",,"4595159.49"
,"13/12/2024","8400/000 : FNB","Github Inc. 210.00 GITHUB, INC. 4XXXXX*5225 11 DEC XXXXXXXXXXXXXXXXXXX2873 Github Inc.","Account Payment","Github Inc. 210.00 GITHUB, INC. 4XXXXX*5225 11 DEC XXXXXXXXXXXXXXXXXXX2873 Github Inc.","3838.08",,"4598997.57"
,"14/12/2024","8400/000 : FNB","15.00 TABNINE 4XX*5191 12 DEC XX9048 15.00 TABNINE 4XXXXX*5191 12 DEC XXXXXXXXXXXXXXXXXXX9048","Account Payment","15.00 TABNINE 4XX*5191 12 DEC XX9048 15.00 TABNINE 4XXXXX*5191 12 DEC XXXXXXXXXXXXXXXXXXX9048","274.2",,"4599271.77"
,"14/12/2024","8400/000 : FNB","20.00 HUGGINGFACE 4XX*5191 13 DEC XX7366 20.00 HUGGINGFACE 4XXXXX*5191 13 DEC XXXXXXXXXXXXXXXXXXX736","Account Payment","20.00 HUGGINGFACE 4XX*5191 13 DEC XX7366 20.00 HUGGINGFACE 4XXXXX*5191 13 DEC XXXXXXXXXXXXXXXXXXX73","363.86",,"4599635.63"
,"14/12/2024","8400/000 : FNB","50.00 ANACONDA INC. 4XX*5191 12 DEC XX4409 50.00 ANACONDA INC. 4XXXXX*5191 12 DEC XXXXXXXXXXXXXXXXXX","Account Payment","50.00 ANACONDA INC. 4XX*5191 12 DEC XX4409 50.00 ANACONDA INC. 4XXXXX*5191 12 DEC XXXXXXXXXXXXXXXXX","913.99",,"4600549.62"
,"14/12/2024","8400/000 : FNB","60.00 INSOMNIA TEAM 4XX*5191 13 DEC XX9506 60.00 INSOMNIA TEAM 4XXXXX*5191 13 DEC XXXXXXXXXXXXXXXXXX","Account Payment","60.00 INSOMNIA TEAM 4XX*5191 13 DEC XX9506 60.00 INSOMNIA TEAM 4XXXXX*5191 13 DEC XXXXXXXXXXXXXXXXX","1091.59",,"4601641.21"
,"14/12/2024","8400/000 : FNB","99.00 DMNS.APP BUSI 4XX*5191 13 DEC XX6156 99.00 DMNS.APP BUSI 4XXXXX*5191 13 DEC XXXXXXXXXXXXXXXXXX","Account Payment","99.00 DMNS.APP BUSI 4XX*5191 13 DEC XX6156 99.00 DMNS.APP BUSI 4XXXXX*5191 13 DEC XXXXXXXXXXXXXXXXX","1801.14",,"4603442.35"
,"17/12/2024","8400/000 : FNB","10.00 SUNO INC. 4XX*5191 13 DEC XX8782 10.00 SUNO INC. 4XXXXX*5191 13 DEC XXXXXXXXXXXXXXXXXXX8782","Account Payment","10.00 SUNO INC. 4XX*5191 13 DEC XX8782 10.00 SUNO INC. 4XXXXX*5191 13 DEC XXXXXXXXXXXXXXXXXXX8782","181.94",,"4603624.29"
,"17/12/2024","8400/000 : FNB","11.49 GOOGLE *Colab 4XX*5191 14 DEC XX4842 11.49 GOOGLE *Colab 4XXXXX*5191 14 DEC XXXXXXXXXXXXXXXXXX","Account Payment","11.49 GOOGLE *Colab 4XX*5191 14 DEC XX4842 11.49 GOOGLE *Colab 4XXXXX*5191 14 DEC XXXXXXXXXXXXXXXXX","210.49",,"4603834.78"
,"17/12/2024","8400/000 : FNB","Github Inc. 14.00 GITHUB, INC. 4XXXXX*5225 14 DEC XXXXXXXXXXXXXXXXXXX2221 Github Inc.","Account Payment","Github Inc. 14.00 GITHUB, INC. 4XXXXX*5225 14 DEC XXXXXXXXXXXXXXXXXXX2221 Github Inc.","256.47",,"4604091.25"
,"17/12/2024","8400/000 : FNB","350.00 FRAMER.COM 4XX*5191 16 DEC XX7472 350.00 FRAMER.COM 4XXXXX*5191 16 DEC XXXXXXXXXXXXXXXXXXX747","Account Payment","350.00 FRAMER.COM 4XX*5191 16 DEC XX7472 350.00 FRAMER.COM 4XXXXX*5191 16 DEC XXXXXXXXXXXXXXXXXXX74","350",,"4604441.25"
,"17/12/2024","8400/000 : FNB","20.00 RAILWAY 4XX*5191 14 DEC XX2379 20.00 RAILWAY 4XXXXX*5191 14 DEC XXXXXXXXXXXXXXXXXXX2379","Account Payment","20.00 RAILWAY 4XX*5191 14 DEC XX2379 20.00 RAILWAY 4XXXXX*5191 14 DEC XXXXXXXXXXXXXXXXXXX2379","366.39",,"4604807.64"
,"17/12/2024","8400/000 : FNB","Intuit 570.40 INTUIT *QBoo 4XXXXX*5225 14 DEC XXXXXXXXXXXXXXXXXXX3294 Intuit","Account Payment","Intuit 570.40 INTUIT *QBoo 4XXXXX*5225 14 DEC XXXXXXXXXXXXXXXXXXX3294 Intuit","570.4",,"4605378.04"
,"17/12/2024","8400/000 : FNB","40.00 REPLIT, INC. 4XX*5191 14 DEC XX9828 40.00 REPLIT, INC. 4XXXXX*5191 14 DEC XXXXXXXXXXXXXXXXXXX9","Account Payment","40.00 REPLIT, INC. 4XX*5191 14 DEC XX9828 40.00 REPLIT, INC. 4XXXXX*5191 14 DEC XXXXXXXXXXXXXXXXXXX","732.78",,"4606110.82"
,"17/12/2024","8400/000 : FNB","58.75 PADDLE.NET* W 4XX*5191 14 DEC XX3077 58.75 PADDLE.NET* W 4XXXXX*5191 14 DEC XXXXXXXXXXXXXXXXXX","Account Payment","58.75 PADDLE.NET* W 4XX*5191 14 DEC XX3077 58.75 PADDLE.NET* W 4XXXXX*5191 14 DEC XXXXXXXXXXXXXXXXX","1076.27",,"4607187.09"
,"17/12/2024","8400/000 : FNB","70.00 ANTHROPIC 4XX*5191 14 DEC XX7138 70.00 ANTHROPIC 4XXXXX*5191 14 DEC XXXXXXXXXXXXXXXXXXX7138","Account Payment","70.00 ANTHROPIC 4XX*5191 14 DEC XX7138 70.00 ANTHROPIC 4XXXXX*5191 14 DEC XXXXXXXXXXXXXXXXXXX7138","1282.36",,"4608469.45"
,"17/12/2024","8400/000 : FNB","100.00 REG AGENT ST 4XX*5191 14 DEC XX9252 100.00 REG AGENT ST 4XXXXX*5191 14 DEC XXXXXXXXXXXXXXXXXX","Account Payment","100.00 REG AGENT ST 4XX*5191 14 DEC XX9252 100.00 REG AGENT ST 4XXXXX*5191 14 DEC XXXXXXXXXXXXXXXXX","1831.95",,"4610301.4"
,"17/12/2024","8400/000 : FNB","150.00 OPENAI *CHAT 4XX*5191 14 DEC XX4017 150.00 OPENAI *CHAT 4XXXXX*5191 14 DEC XXXXXXXXXXXXXXXXXX","Account Payment","150.00 OPENAI *CHAT 4XX*5191 14 DEC XX4017 150.00 OPENAI *CHAT 4XXXXX*5191 14 DEC XXXXXXXXXXXXXXXXX","2747.92",,"4613049.32"
,"17/12/2024","8400/000 : FNB","170.77 SLACK T0MN3D 4XX*5225 15 DEC XX4778 170.77 SLACK T0MN3D 4XXXXX*5225 15 DEC XXXXXXXXXXXXXXXXXX","Account Payment","170.77 SLACK T0MN3D 4XX*5225 15 DEC XX4778 170.77 SLACK T0MN3D 4XXXXX*5225 15 DEC XXXXXXXXXXXXXXXXX","3128.42",,"4616177.74"
,"17/12/2024","8400/000 : FNB","174.00 INTERCOM R&D 4XX*5191 15 DEC XX9269 174.00 INTERCOM R&D 4XXXXX*5191 15 DEC XXXXXXXXXXXXXXXXXX","Account Payment","174.00 INTERCOM R&D 4XX*5191 15 DEC XX9269 174.00 INTERCOM R&D 4XXXXX*5191 15 DEC XXXXXXXXXXXXXXXXX","3187.59",,"4619365.33"
,"17/12/2024","8400/000 : FNB","180.00 AGENCYANALYT 4XX*5225 13 DEC XX3124 180.00 AGENCYANALYT 4XXXXX*5225 13 DEC XXXXXXXXXXXXXXXXXX","Account Payment","180.00 AGENCYANALYT 4XX*5225 13 DEC XX3124 180.00 AGENCYANALYT 4XXXXX*5225 13 DEC XXXXXXXXXXXXXXXXX","3274.79",,"4622640.12"
,"17/12/2024","8400/000 : FNB","231.95 HOLASPIRIT 4XX*5225 15 DEC XX8593 231.95 HOLASPIRIT 4XXXXX*5225 15 DEC XXXXXXXXXXXXXXXXXXX859","Account Payment","231.95 HOLASPIRIT 4XX*5225 15 DEC XX8593 231.95 HOLASPIRIT 4XXXXX*5225 15 DEC XXXXXXXXXXXXXXXXXXX85","4456.62",,"4627096.74"
,"17/12/2024","8400/000 : FNB","280.00 WIZA.CO 4XX*5191 14 DEC XX8747 280.00 WIZA.CO 4XXXXX*5191 14 DEC XXXXXXXXXXXXXXXXXXX8747","Account Payment","280.00 WIZA.CO 4XX*5191 14 DEC XX8747 280.00 WIZA.CO 4XXXXX*5191 14 DEC XXXXXXXXXXXXXXXXXXX8747","5129.46",,"4632226.2"
,"17/12/2024","8400/000 : FNB","348.00 WWW.MAKE.COM 4XX*5191 15 DEC XX0929 348.00 WWW.MAKE.COM 4XXXXX*5191 15 DEC XXXXXXXXXXXXXXXXXX","Account Payment","348.00 WWW.MAKE.COM 4XX*5191 15 DEC XX0929 348.00 WWW.MAKE.COM 4XXXXX*5191 15 DEC XXXXXXXXXXXXXXXXX","6375.18",,"4638601.38"
,"17/12/2024","8400/000 : FNB","376.40 HOLASPIRIT 4XX*5225 15 DEC XX5686 376.40 HOLASPIRIT 4XXXXX*5225 15 DEC XXXXXXXXXXXXXXXXXXX568","Account Payment","376.40 HOLASPIRIT 4XX*5225 15 DEC XX5686 376.40 HOLASPIRIT 4XXXXX*5225 15 DEC XXXXXXXXXXXXXXXXXXX56","7232.06",,"4645833.44"
,"17/12/2024","8400/000 : FNB","5.00 WWW.FLUX.AI 4XX*5191 13 DEC XX9405 5.00 WWW.FLUX.AI 4XXXXX*5191 13 DEC XXXXXXXXXXXXXXXXXXX9405","Account Payment","5.00 WWW.FLUX.AI 4XX*5191 13 DEC XX9405 5.00 WWW.FLUX.AI 4XXXXX*5191 13 DEC XXXXXXXXXXXXXXXXXXX9405","90.96",,"4645924.4"
,"17/12/2024","8400/000 : FNB","650.00 ATARIMAGENCY 4XX*5191 15 DEC XX4002 650.00 ATARIMAGENCY 4XXXXX*5191 15 DEC XXXXXXXXXXXXXXXXXX","Account Payment","650.00 ATARIMAGENCY 4XX*5191 15 DEC XX4002 650.00 ATARIMAGENCY 4XXXXX*5191 15 DEC XXXXXXXXXXXXXXXXX","11907.67",,"4657832.07"
,"17/12/2024","8400/000 : FNB","780.00 RETOOL 4XX*5225 15 DEC XX9999 780.00 RETOOL 4XXXXX*5225 15 DEC XXXXXXXXXXXXXXXXXXX9999","Account Payment","780.00 RETOOL 4XX*5225 15 DEC XX9999 780.00 RETOOL 4XXXXX*5225 15 DEC XXXXXXXXXXXXXXXXXXX9999","14289.2",,"4672121.27"
,"18/12/2024","8400/000 : FNB","20.00 VERCEL INC. 4XX*5191 16 DEC XX2181 20.00 VERCEL INC. 4XXXXX*5191 16 DEC XXXXXXXXXXXXXXXXXXX218","Account Payment","20.00 VERCEL INC. 4XX*5191 16 DEC XX2181 20.00 VERCEL INC. 4XXXXX*5191 16 DEC XXXXXXXXXXXXXXXXXXX21","366.39",,"4672487.66"
,"19/12/2024","8400/000 : FNB","6.45 VERCEL INC. 4XX*5225 18 DEC XX3094 6.45 VERCEL INC. 4XXXXX*5225 18 DEC XXXXXXXXXXXXXXXXXXX3094","Account Payment","6.45 VERCEL INC. 4XX*5225 18 DEC XX3094 6.45 VERCEL INC. 4XXXXX*5225 18 DEC XXXXXXXXXXXXXXXXXXX3094","119.64",,"4672607.3"
,"20/12/2024","8400/000 : FNB","6.45 VERCEL INC. 4XX*5225 18 DEC XX3224 6.45 VERCEL INC. 4XXXXX*5225 18 DEC XXXXXXXXXXXXXXXXXXX3224","Account Payment","6.45 VERCEL INC. 4XX*5225 18 DEC XX3224 6.45 VERCEL INC. 4XXXXX*5225 18 DEC XXXXXXXXXXXXXXXXXXX3224","119.64",,"4672726.94"
,"21/12/2024","8400/000 : FNB","59.00 GREENBACK.COM 4XX*5225 19 DEC XX1663 59.00 GREENBACK.COM 4XXXXX*5225 19 DEC XXXXXXXXXXXXXXXXXX","Account Payment","59.00 GREENBACK.COM 4XX*5225 19 DEC XX1663 59.00 GREENBACK.COM 4XXXXX*5225 19 DEC XXXXXXXXXXXXXXXXX","1106.45",,"4673833.39"
,"21/12/2024","8400/000 : FNB","1499.00 APPDIRECT 4XX*5191 19 DEC XX2055 1499.00 APPDIRECT 4XXXXX*5191 19 DEC XXXXXXXXXXXXXXXXXXX205","Account Payment","1499.00 APPDIRECT 4XX*5191 19 DEC XX2055 1499.00 APPDIRECT 4XXXXX*5191 19 DEC XXXXXXXXXXXXXXXXXXX20","28111.21",,"4701944.6"
,"23/12/2024","8400/000 : FNB","54.00 AIRTABLE.COM/ 4XX*5191 21 DEC XX1051 54.00 AIRTABLE.COM/ 4XXXXX*5191 21 DEC XXXXXXXXXXXXXXXXXX","Account Payment","54.00 AIRTABLE.COM/ 4XX*5191 21 DEC XX1051 54.00 AIRTABLE.COM/ 4XXXXX*5191 21 DEC XXXXXXXXXXXXXXXXX","1016.72",,"4702961.32"
,"23/12/2024","8400/000 : FNB","74.00 PIPEDREAM, IN 4XX*5191 20 DEC XX1230 74.00 PIPEDREAM, IN 4XXXXX*5191 20 DEC XXXXXXXXXXXXXXXXXX","Account Payment","74.00 PIPEDREAM, IN 4XX*5191 20 DEC XX1230 74.00 PIPEDREAM, IN 4XXXXX*5191 20 DEC XXXXXXXXXXXXXXXXX","1393.04",,"4704354.36"
,"23/12/2024","8400/000 : FNB","870.39 APPDIRECT 4XX*5191 20 DEC XX6206 870.39 APPDIRECT 4XXXXX*5191 20 DEC XXXXXXXXXXXXXXXXXXX6206","Account Payment","870.39 APPDIRECT 4XX*5191 20 DEC XX6206 870.39 APPDIRECT 4XXXXX*5191 20 DEC XXXXXXXXXXXXXXXXXXX6206","16385.09",,"4720739.45"
,"23/12/2024","8400/000 : FNB","1512.00 FIGMA 4XX*5191 21 DEC XX3598 1512.00 FIGMA 4XXXXX*5191 21 DEC XXXXXXXXXXXXXXXXXXX3598","Account Payment","1512.00 FIGMA 4XX*5191 21 DEC XX3598 1512.00 FIGMA 4XXXXX*5191 21 DEC XXXXXXXXXXXXXXXXXXX3598","28468.01",,"4749207.46"
,"24/12/2024","8400/000 : FNB","100.00 OPENAI 4XX*5191 23 DEC XX6510 100.00 OPENAI 4XXXXX*5191 23 DEC XXXXXXXXXXXXXXXXXXX6510","Account Payment","100.00 OPENAI 4XX*5191 23 DEC XX6510 100.00 OPENAI 4XXXXX*5191 23 DEC XXXXXXXXXXXXXXXXXXX6510","1882.81",,"4751090.27"
,"24/12/2024","8400/000 : FNB","299.00 ORG CHART 4XX*5191 22 DEC XX7664 299.00 ORG CHART 4XXXXX*5191 22 DEC XXXXXXXXXXXXXXXXXXX7664","Account Payment","299.00 ORG CHART 4XX*5191 22 DEC XX7664 299.00 ORG CHART 4XXXXX*5191 22 DEC XXXXXXXXXXXXXXXXXXX7664","5629.58",,"4756719.85"
,"27/12/2024","8400/000 : FNB","Facebook 1192.32 FACEBK *NYE 4XXXXX*5191 26 DEC XXXXXXXXXXXXXXXXXXX2064 Facebook","Account Payment","Facebook 1192.32 FACEBK *NYE 4XXXXX*5191 26 DEC XXXXXXXXXXXXXXXXXXX2064 Facebook","1192.32",,"4757912.17"
,"27/12/2024","8400/000 : FNB","89.00 SENTRY 4XX*5191 24 DEC XX7959 89.00 SENTRY 4XXXXX*5191 24 DEC XXXXXXXXXXXXXXXXXXX7959","Account Payment","89.00 SENTRY 4XX*5191 24 DEC XX7959 89.00 SENTRY 4XXXXX*5191 24 DEC XXXXXXXXXXXXXXXXXXX7959","1690.73",,"4759602.9"
,"27/12/2024","8400/000 : FNB","96.00 OBSIDIAN.MD 4XX*5191 25 DEC XX2850 96.00 OBSIDIAN.MD 4XXXXX*5191 25 DEC XXXXXXXXXXXXXXXXXXX285","Account Payment","96.00 OBSIDIAN.MD 4XX*5191 25 DEC XX2850 96.00 OBSIDIAN.MD 4XXXXX*5191 25 DEC XXXXXXXXXXXXXXXXXXX28","1833.95",,"4761436.85"
,"27/12/2024","8400/000 : FNB","150.00 AUTH0.COM 4XX*5191 25 DEC XX3332 150.00 AUTH0.COM 4XXXXX*5191 25 DEC XXXXXXXXXXXXXXXXXXX3332","Account Payment","150.00 AUTH0.COM 4XX*5191 25 DEC XX3332 150.00 AUTH0.COM 4XXXXX*5191 25 DEC XXXXXXXXXXXXXXXXXXX3332","2865.55",,"4764302.4"
,"27/12/2024","8400/000 : FNB","6.00 DOCKER, INC. 4XX*5191 24 DEC XX7822 6.00 DOCKER, INC. 4XXXXX*5191 24 DEC XXXXXXXXXXXXXXXXXXX782","Account Payment","6.00 DOCKER, INC. 4XX*5191 24 DEC XX7822 6.00 DOCKER, INC. 4XXXXX*5191 24 DEC XXXXXXXXXXXXXXXXXXX78","113.99",,"4764416.39"
,"27/12/2024","8400/000 : FNB","10.00 MATTERMOST 4XX*5191 24 DEC XX8370 10.00 MATTERMOST 4XXXXX*5191 24 DEC XXXXXXXXXXXXXXXXXXX8370","Account Payment","10.00 MATTERMOST 4XX*5191 24 DEC XX8370 10.00 MATTERMOST 4XXXXX*5191 24 DEC XXXXXXXXXXXXXXXXXXX8370","189.96",,"4764606.35"
,"27/12/2024","8400/000 : FNB","Dropbox 18.38 DROPBOX*T8VR6 4XXXXX*5191 24 DEC XXXXXXXXXXXXXXXXXXX0755 Dropbox","Account Payment","Dropbox 18.38 DROPBOX*T8VR6 4XXXXX*5191 24 DEC XXXXXXXXXXXXXXXXXXX0755 Dropbox","349.17",,"4764955.52"
,"27/12/2024","8400/000 : FNB","399.99 POE.COM 4XX*5191 26 DEC XX1339 399.99 POE.COM 4XXXXX*5191 26 DEC XXXXXXXXXXXXXXXXXXX1339","Account Payment","399.99 POE.COM 4XX*5191 26 DEC XX1339 399.99 POE.COM 4XXXXX*5191 26 DEC XXXXXXXXXXXXXXXXXXX1339","399.99",,"4765355.51"
,"27/12/2024","8400/000 : FNB","30.00 HASURA 4XX*5191 23 DEC XX6584 30.00 HASURA 4XXXXX*5191 23 DEC XXXXXXXXXXXXXXXXXXX6584","Account Payment","30.00 HASURA 4XX*5191 23 DEC XX6584 30.00 HASURA 4XXXXX*5191 23 DEC XXXXXXXXXXXXXXXXXXX6584","564.85",,"4765920.36"
,"27/12/2024","8400/000 : FNB","50.00 ANACONDA INC. 4XX*5191 26 DEC XX6344 50.00 ANACONDA INC. 4XXXXX*5191 26 DEC XXXXXXXXXXXXXXXXXX","Account Payment","50.00 ANACONDA INC. 4XX*5191 26 DEC XX6344 50.00 ANACONDA INC. 4XXXXX*5191 26 DEC XXXXXXXXXXXXXXXXX","955.18",,"4766875.54"
,"27/12/2024","8400/000 : FNB","50.00 OBSIDIAN.MD 4XX*5191 25 DEC XX4206 50.00 OBSIDIAN.MD 4XXXXX*5191 25 DEC XXXXXXXXXXXXXXXXXXX420","Account Payment","50.00 OBSIDIAN.MD 4XX*5191 25 DEC XX4206 50.00 OBSIDIAN.MD 4XXXXX*5191 25 DEC XXXXXXXXXXXXXXXXXXX42","955.18",,"4767830.72"
,"28/12/2024","8400/000 : FNB","1150.00 AUTH0.COM 4XX*5191 26 DEC XX1818 1150.00 AUTH0.COM 4XXXXX*5191 26 DEC XXXXXXXXXXXXXXXXXXX181","Account Payment","1150.00 AUTH0.COM 4XX*5191 26 DEC XX1818 1150.00 AUTH0.COM 4XXXXX*5191 26 DEC XXXXXXXXXXXXXXXXXXX18","21969.21",,"4789799.93"
,"30/12/2024","8400/000 : FNB","Intuit 171.12 INTUIT *QBoo 4XXXXX*5225 27 DEC XXXXXXXXXXXXXXXXXXX7877 Intuit","Account Payment","Intuit 171.12 INTUIT *QBoo 4XXXXX*5225 27 DEC XXXXXXXXXXXXXXXXXXX7877 Intuit","171.12",,"4789971.05"
,"30/12/2024","8400/000 : FNB","Intuit 546.25 INTUIT *QBoo 4XXXXX*5225 27 DEC XXXXXXXXXXXXXXXXXXX7604 Intuit","Account Payment","Intuit 546.25 INTUIT *QBoo 4XXXXX*5225 27 DEC XXXXXXXXXXXXXXXXXXX7604 Intuit","546.25",,"4790517.3"
,"30/12/2024","8400/000 : FNB","Intuit 570.40 INTUIT *QBoo 4XXXXX*5225 27 DEC XXXXXXXXXXXXXXXXXXX7976 Intuit","Account Payment","Intuit 570.40 INTUIT *QBoo 4XXXXX*5225 27 DEC XXXXXXXXXXXXXXXXXXX7976 Intuit","570.4",,"4791087.7"
,"30/12/2024","8400/000 : FNB","628.61 APPDIRECT 4XX*5191 27 DEC XX6000 628.61 APPDIRECT 4XXXXX*5191 27 DEC XXXXXXXXXXXXXXXXXXX6000","Account Payment","628.61 APPDIRECT 4XX*5191 27 DEC XX6000 628.61 APPDIRECT 4XXXXX*5191 27 DEC XXXXXXXXXXXXXXXXXXX6000","12134.36",,"4803222.06"
,"30/12/2024","8400/000 : FNB","Shopify 3421.17 SHOPIFY* 31 4XXXXX*5191 27 DEC XXXXXXXXXXXXXXXXXXX9915 Shopify","Account Payment","Shopify 3421.17 SHOPIFY* 31 4XXXXX*5191 27 DEC XXXXXXXXXXXXXXXXXXX9915 Shopify","66040.5",,"4869262.56"
,"31/12/2024","8400/000 : FNB","WINX3843 WINX3843","Account Receipt","WINX3843 WINX3843",,"45608.15","4823654.41"
,"31/12/2024","8400/000 : FNB","5.00 COMPONENTS.STU 4XX*5191 29 DEC XX0233 5.00 COMPONENTS.STU 4XXXXX*5191 29 DEC XXXXXXXXXXXXXXXXXX","Account Payment","5.00 COMPONENTS.STU 4XX*5191 29 DEC XX0233 5.00 COMPONENTS.STU 4XXXXX*5191 29 DEC XXXXXXXXXXXXXXXXX","96.4",,"4823750.81"
,"31/12/2024","8400/000 : FNB","Canva 141.99 CANVA* I0438 4XXXXX*5225 29 DEC XXXXXXXXXXXXXXXXXXX9020 Canva","Account Payment","Canva 141.99 CANVA* I0438 4XXXXX*5225 29 DEC XXXXXXXXXXXXXXXXXXX9020 Canva","141.99",,"4823892.8"
,"31/12/2024","8400/000 : FNB","9.00 GITPOD.IO 4XX*5191 28 DEC XX6736 9.00 GITPOD.IO 4XXXXX*5191 28 DEC XXXXXXXXXXXXXXXXXXX6736","Account Payment","9.00 GITPOD.IO 4XX*5191 28 DEC XX6736 9.00 GITPOD.IO 4XXXXX*5191 28 DEC XXXXXXXXXXXXXXXXXXX6736","173.52",,"4824066.32"
,"31/12/2024","8400/000 : FNB","12.44 UNSTOPPABLEDO 4XX*5191 30 DEC XX6876 12.44 UNSTOPPABLEDO 4XXXXX*5191 30 DEC XXXXXXXXXXXXXXXXXX","Account Payment","12.44 UNSTOPPABLEDO 4XX*5191 30 DEC XX6876 12.44 UNSTOPPABLEDO 4XXXXX*5191 30 DEC XXXXXXXXXXXXXXXXX","239.84",,"4824306.16"
,"31/12/2024","8400/000 : FNB","20.00 HUGGINGFACE 4XX*5191 30 DEC XX8925 20.00 HUGGINGFACE 4XXXXX*5191 30 DEC XXXXXXXXXXXXXXXXXXX892","Account Payment","20.00 HUGGINGFACE 4XX*5191 30 DEC XX8925 20.00 HUGGINGFACE 4XXXXX*5191 30 DEC XXXXXXXXXXXXXXXXXXX89","385.59",,"4824691.75"
,"31/12/2024","8400/000 : FNB","430.00 Dlocal *Micr 4XX*5191 28 DEC XX2728 430.00 Dlocal *Micr 4XXXXX*5191 28 DEC XXXXXXXXXXXXXXXXXX","Account Payment","430.00 Dlocal *Micr 4XX*5191 28 DEC XX2728 430.00 Dlocal *Micr 4XXXXX*5191 28 DEC XXXXXXXXXXXXXXXXX","430",,"4825121.75"
,"31/12/2024","8400/000 : FNB","29.99 BEENVERIFIED 4XX*5191 28 DEC XX6703 29.99 BEENVERIFIED 4XXXXX*5191 28 DEC XXXXXXXXXXXXXXXXXXX6","Account Payment","29.99 BEENVERIFIED 4XX*5191 28 DEC XX6703 29.99 BEENVERIFIED 4XXXXX*5191 28 DEC XXXXXXXXXXXXXXXXXXX","578.2",,"4825699.95"
,"31/12/2024","8400/000 : FNB","100.00 OPENAI 4XX*5191 30 DEC XX6323 100.00 OPENAI 4XXXXX*5191 30 DEC XXXXXXXXXXXXXXXXXXX6323","Account Payment","100.00 OPENAI 4XX*5191 30 DEC XX6323 100.00 OPENAI 4XXXXX*5191 30 DEC XXXXXXXXXXXXXXXXXXX6323","1927.97",,"4827627.92"
,"31/12/2024","8400/000 : FNB","100.00 OPENAI 4XX*5191 30 DEC XX0437 100.00 OPENAI 4XXXXX*5191 30 DEC XXXXXXXXXXXXXXXXXXX0437","Account Payment","100.00 OPENAI 4XX*5191 30 DEC XX0437 100.00 OPENAI 4XXXXX*5191 30 DEC XXXXXXXXXXXXXXXXXXX0437","1927.97",,"4829555.89"
,"31/12/2024","8400/000 : FNB","Wix.com 182.85 WIX.COM 4XXXXX*5191 29 DEC XXXXXXXXXXXXXXXXXXX4365 Wix.com","Account Payment","Wix.com 182.85 WIX.COM 4XXXXX*5191 29 DEC XXXXXXXXXXXXXXXXXXX4365 Wix.com","3525.3",,"4833081.19"
,"31/12/2024","8400/000 : FNB","5050.80 FRESHWORKS 4XX*5225 29 DEC XX7380 5050.80 FRESHWORKS 4XXXXX*5225 29 DEC XXXXXXXXXXXXXXXXXXX7","Account Payment","5050.80 FRESHWORKS 4XX*5225 29 DEC XX7380 5050.80 FRESHWORKS 4XXXXX*5225 29 DEC XXXXXXXXXXXXXXXXXXX","5050.8",,"4838131.99"
,"03/01/2025","8400/000 : FNB","39.82 GOOGLE*GSUITE 4XX*5225 01 JAN XX0063 39.82 GOOGLE*GSUITE 4XXXXX*5225 01 JAN XXXXXXXXXXXXXXXXXX","Account Payment","39.82 GOOGLE*GSUITE 4XX*5225 01 JAN XX0063 39.82 GOOGLE*GSUITE 4XXXXX*5225 01 JAN XXXXXXXXXXXXXXXXX","799.26",,"4838931.25"
,"03/01/2025","8400/000 : FNB","83.96 GOOGLE*GSUITE 4XX*5225 01 JAN XX0383 83.96 GOOGLE*GSUITE 4XXXXX*5225 01 JAN XXXXXXXXXXXXXXXXXX","Account Payment","83.96 GOOGLE*GSUITE 4XX*5225 01 JAN XX0383 83.96 GOOGLE*GSUITE 4XXXXX*5225 01 JAN XXXXXXXXXXXXXXXXX","1685.22",,"4840616.47"
,"03/01/2025","8400/000 : FNB","Google Store 391.60 GOOGLE*GSUIT 4XXXXX*5225 01 JAN XXXXXXXXXXXXXXXXXXX3962 Google Store","Account Payment","Google Store 391.60 GOOGLE*GSUIT 4XXXXX*5225 01 JAN XXXXXXXXXXXXXXXXXXX3962 Google Store","7860.1",,"4848476.57"
,"07/01/2025","8400/000 : FNB","1499.00 APPDIRECT 4XX*5225 04 JAN XX5062 1499.00 APPDIRECT 4XXXXX*5225 04 JAN XXXXXXXXXXXXXXXXXXX506","Account Payment","1499.00 APPDIRECT 4XX*5225 04 JAN XX5062 1499.00 APPDIRECT 4XXXXX*5225 04 JAN XXXXXXXXXXXXXXXXXXX50","28796.3",,"4877272.87"
,"07/01/2025","8400/000 : FNB","Facebook 4.60 FACEBK *52YJGF 4XXXXX*5191 05 JAN XXXXXXXXXXXXXXXXXXX6057 Facebook","Account Payment","Facebook 4.60 FACEBK *52YJGF 4XXXXX*5191 05 JAN XXXXXXXXXXXXXXXXXXX6057 Facebook","88.36",,"4877361.23"
,"07/01/2025","8400/000 : FNB","Github Inc. 7.82 GITHUB, INC. 4XXXXX*5225 04 JAN XXXXXXXXXXXXXXXXXXX7000 Github Inc.","Account Payment","Github Inc. 7.82 GITHUB, INC. 4XXXXX*5225 04 JAN XXXXXXXXXXXXXXXXXXX7000 Github Inc.","150.23",,"4877511.46"
,"07/01/2025","8400/000 : FNB","9.00 TWENTY.COM 4XX*5191 06 JAN XX0614 9.00 TWENTY.COM 4XXXXX*5191 06 JAN XXXXXXXXXXXXXXXXXXX0614","Account Payment","9.00 TWENTY.COM 4XX*5191 06 JAN XX0614 9.00 TWENTY.COM 4XXXXX*5191 06 JAN XXXXXXXXXXXXXXXXXXX0614","172.89",,"4877684.35"
,"07/01/2025","8400/000 : FNB","Paddle 187.94 PADDLE.NET* 4XXXXX*5191 05 JAN XXXXXXXXXXXXXXXXXXX6801 Paddle","Account Payment","Paddle 187.94 PADDLE.NET* 4XXXXX*5191 05 JAN XXXXXXXXXXXXXXXXXXX6801 Paddle","187.94",,"4877872.29"
,"07/01/2025","8400/000 : FNB","Facebook 13.80 FACEBK *W2HAM 4XXXXX*5191 05 JAN XXXXXXXXXXXXXXXXXXX7073 Facebook","Account Payment","Facebook 13.80 FACEBK *W2HAM 4XXXXX*5191 05 JAN XXXXXXXXXXXXXXXXXXX7073 Facebook","265.1",,"4878137.39"
,"07/01/2025","8400/000 : FNB","17.25 SLACK T06A3T4 4XX*5191 05 JAN XX2346 17.25 SLACK T06A3T4 4XXXXX*5191 05 JAN XXXXXXXXXXXXXXXXXX","Account Payment","17.25 SLACK T06A3T4 4XX*5191 05 JAN XX2346 17.25 SLACK T06A3T4 4XXXXX*5191 05 JAN XXXXXXXXXXXXXXXXX","331.38",,"4878468.77"
,"07/01/2025","8400/000 : FNB","Github Inc. 19.00 GITHUB, INC. 4XXXXX*5225 04 JAN XXXXXXXXXXXXXXXXXXX8259 Github Inc.","Account Payment","Github Inc. 19.00 GITHUB, INC. 4XXXXX*5225 04 JAN XXXXXXXXXXXXXXXXXXX8259 Github Inc.","365",,"4878833.77"
,"07/01/2025","8400/000 : FNB","Facebook 23.00 FACEBK *V4RA3 4XXXXX*5191 05 JAN XXXXXXXXXXXXXXXXXXX1098 Facebook","Account Payment","Facebook 23.00 FACEBK *V4RA3 4XXXXX*5191 05 JAN XXXXXXXXXXXXXXXXXXX1098 Facebook","441.83",,"4879275.6"
,"07/01/2025","8400/000 : FNB","29.00 CAL.COM 4XX*5191 05 JAN XX9721 29.00 CAL.COM 4XXXXX*5191 05 JAN XXXXXXXXXXXXXXXXXXX9721","Account Payment","29.00 CAL.COM 4XX*5191 05 JAN XX9721 29.00 CAL.COM 4XXXXX*5191 05 JAN XXXXXXXXXXXXXXXXXXX9721","557.1",,"4879832.7"
,"07/01/2025","8400/000 : FNB","99.00 WWW.ODRIVE.CO 4XX*5191 05 JAN XX0711 99.00 WWW.ODRIVE.CO 4XXXXX*5191 05 JAN XXXXXXXXXXXXXXXXXX","Account Payment","99.00 WWW.ODRIVE.CO 4XX*5191 05 JAN XX0711 99.00 WWW.ODRIVE.CO 4XXXXX*5191 05 JAN XXXXXXXXXXXXXXXXX","1901.82",,"4881734.52"
,"07/01/2025","8400/000 : FNB","99.00 CHATBASE 4XX*5191 05 JAN XX0791 99.00 CHATBASE 4XXXXX*5191 05 JAN XXXXXXXXXXXXXXXXXXX0791","Account Payment","99.00 CHATBASE 4XX*5191 05 JAN XX0791 99.00 CHATBASE 4XXXXX*5191 05 JAN XXXXXXXXXXXXXXXXXXX0791","1901.82",,"4883636.34"
,"07/01/2025","8400/000 : FNB","99.99 JINA.AI 4XX*5191 06 JAN XX0934 99.99 JINA.AI 4XXXXX*5191 06 JAN XXXXXXXXXXXXXXXXXXX0934","Account Payment","99.99 JINA.AI 4XX*5191 06 JAN XX0934 99.99 JINA.AI 4XXXXX*5191 06 JAN XXXXXXXXXXXXXXXXXXX0934","1920.84",,"4885557.18"
,"07/01/2025","8400/000 : FNB","ManageWP 120.75 MANAGEWP 4XXXXX*5225 05 JAN XXXXXXXXXXXXXXXXXXX7720 ManageWP","Account Payment","ManageWP 120.75 MANAGEWP 4XXXXX*5225 05 JAN XXXXXXXXXXXXXXXXXXX7720 ManageWP","2319.65",,"4887876.83"
,"07/01/2025","8400/000 : FNB","ManageWP 120.75 MANAGEWP 4XXXXX*5225 05 JAN XXXXXXXXXXXXXXXXXXX8059 ManageWP","Account Payment","ManageWP 120.75 MANAGEWP 4XXXXX*5225 05 JAN XXXXXXXXXXXXXXXXXXX8059 ManageWP","2319.65",,"4890196.48"
,"07/01/2025","8400/000 : FNB","179.00 MOZSEO:HELP@ 4XX*5191 05 JAN XX6135 179.00 MOZSEO:HELP@ 4XXXXX*5191 05 JAN XXXXXXXXXXXXXXXXXX","Account Payment","179.00 MOZSEO:HELP@ 4XX*5191 05 JAN XX6135 179.00 MOZSEO:HELP@ 4XXXXX*5191 05 JAN XXXXXXXXXXXXXXXXX","3438.65",,"4893635.13"
,"07/01/2025","8400/000 : FNB","399.99 CHATBOX AI 4XX*5191 05 JAN XX7259 399.99 CHATBOX AI 4XXXXX*5191 05 JAN XXXXXXXXXXXXXXXXXXX725","Account Payment","399.99 CHATBOX AI 4XX*5191 05 JAN XX7259 399.99 CHATBOX AI 4XXXXX*5191 05 JAN XXXXXXXXXXXXXXXXXXX72","7683.95",,"4901319.08"
,"08/01/2025","8400/000 : FNB","3.60 GETADDRESS.IO 4XX*5225 07 JAN XX2281 3.60 GETADDRESS.IO 4XXXXX*5225 07 JAN XXXXXXXXXXXXXXXXXXX2","Account Payment","3.60 GETADDRESS.IO 4XX*5225 07 JAN XX2281 3.60 GETADDRESS.IO 4XXXXX*5225 07 JAN XXXXXXXXXXXXXXXXXXX","85.86",,"4901404.94"
,"08/01/2025","8400/000 : FNB","Woocommerce 19.99 WOOCOMMERCE S 4XXXXX*5225 06 JAN XXXXXXXXXXXXXXXXXXX9297 Woocommerce","Account Payment","Woocommerce 19.99 WOOCOMMERCE S 4XXXXX*5225 06 JAN XXXXXXXXXXXXXXXXXXX9297 Woocommerce","384.02",,"4901788.96"
,"08/01/2025","8400/000 : FNB","20.00 VERCEL INC. 4XX*5225 06 JAN XX7675 20.00 VERCEL INC. 4XXXXX*5225 06 JAN XXXXXXXXXXXXXXXXXXX767","Account Payment","20.00 VERCEL INC. 4XX*5225 06 JAN XX7675 20.00 VERCEL INC. 4XXXXX*5225 06 JAN XXXXXXXXXXXXXXXXXXX76","384.2",,"4902173.16"
,"08/01/2025","8400/000 : FNB","41.00 VERCEL INC. 4XX*5225 06 JAN XX6600 41.00 VERCEL INC. 4XXXXX*5225 06 JAN XXXXXXXXXXXXXXXXXXX660","Account Payment","41.00 VERCEL INC. 4XX*5225 06 JAN XX6600 41.00 VERCEL INC. 4XXXXX*5225 06 JAN XXXXXXXXXXXXXXXXXXX66","787.62",,"4902960.78"
,"08/01/2025","8400/000 : FNB","72.00 TERMIUS CORPO 4XX*5191 06 JAN XX2018 72.00 TERMIUS CORPO 4XXXXX*5191 06 JAN XXXXXXXXXXXXXXXXXX","Account Payment","72.00 TERMIUS CORPO 4XX*5191 06 JAN XX2018 72.00 TERMIUS CORPO 4XXXXX*5191 06 JAN XXXXXXXXXXXXXXXXX","1383.14",,"4904343.92"
,"08/01/2025","8400/000 : FNB","920.00 AUTH0.COM 4XX*5191 06 JAN XX8971 920.00 AUTH0.COM 4XXXXX*5191 06 JAN XXXXXXXXXXXXXXXXXXX8971","Account Payment","920.00 AUTH0.COM 4XX*5191 06 JAN XX8971 920.00 AUTH0.COM 4XXXXX*5191 06 JAN XXXXXXXXXXXXXXXXXXX8971","17673.52",,"4922017.44"
,"08/01/2025","8400/000 : FNB","Shopify 2558.98 SHOPIFY* 31 4XXXXX*5191 06 JAN XXXXXXXXXXXXXXXXXXX8711 Shopify","Account Payment","Shopify 2558.98 SHOPIFY* 31 4XXXXX*5191 06 JAN XXXXXXXXXXXXXXXXXXX8711 Shopify","49158.88",,"4971176.32"
,"09/01/2025","8400/000 : FNB","105.00 NOTION LABS, 4XX*5225 07 JAN XX0510 105.00 NOTION LABS, 4XXXXX*5225 07 JAN XXXXXXXXXXXXXXXXXX","Account Payment","105.00 NOTION LABS, 4XX*5225 07 JAN XX0510 105.00 NOTION LABS, 4XXXXX*5225 07 JAN XXXXXXXXXXXXXXXXX","2013.8",,"4973190.12"
,"09/01/2025","8400/000 : FNB","99.00 MIOSALON.COM( 4XX*5225 07 JAN XX2845 99.00 MIOSALON.COM( 4XXXXX*5225 07 JAN XXXXXXXXXXXXXXXXXX","Account Payment","99.00 MIOSALON.COM( 4XX*5225 07 JAN XX2845 99.00 MIOSALON.COM( 4XXXXX*5225 07 JAN XXXXXXXXXXXXXXXXX","1898.72",,"4975088.84"
,"09/01/2025","8400/000 : FNB","99.00 MIOSALON.COM( 4XX*5225 07 JAN XX0013 99.00 MIOSALON.COM( 4XXXXX*5225 07 JAN XXXXXXXXXXXXXXXXXX","Account Payment","99.00 MIOSALON.COM( 4XX*5225 07 JAN XX0013 99.00 MIOSALON.COM( 4XXXXX*5225 07 JAN XXXXXXXXXXXXXXXXX","1898.72",,"4976987.56"
,"09/01/2025","8400/000 : FNB","Intuit 570.40 INTUIT *QBoo 4XXXXX*5225 07 JAN XXXXXXXXXXXXXXXXXXX9255 Intuit","Account Payment","Intuit 570.40 INTUIT *QBoo 4XXXXX*5225 07 JAN XXXXXXXXXXXXXXXXXXX9255 Intuit","570.4",,"4977557.96"
,"10/01/2025","8400/000 : FNB","25.00 NOTION LABS, 4XX*5225 08 JAN XX8930 25.00 NOTION LABS, 4XXXXX*5225 08 JAN XXXXXXXXXXXXXXXXXXX8","Account Payment","25.00 NOTION LABS, 4XX*5225 08 JAN XX8930 25.00 NOTION LABS, 4XXXXX*5225 08 JAN XXXXXXXXXXXXXXXXXXX","477.93",,"4978035.89"
,"11/01/2025","8400/000 : FNB","599.00 TRIPLE WHALE 4XX*5191 10 JAN XX9516 599.00 TRIPLE WHALE 4XXXXX*5191 10 JAN XXXXXXXXXXXXXXXXXX","Account Payment","599.00 TRIPLE WHALE 4XX*5191 10 JAN XX9516 599.00 TRIPLE WHALE 4XXXXX*5191 10 JAN XXXXXXXXXXXXXXXXX","11612.52",,"4989648.41"
,"11/01/2025","8400/000 : FNB","499.00 CASSIDYAI.CO 4XX*5191 09 JAN XX4123 499.00 CASSIDYAI.CO 4XXXXX*5191 09 JAN XXXXXXXXXXXXXXXXXX","Account Payment","499.00 CASSIDYAI.CO 4XX*5191 09 JAN XX4123 499.00 CASSIDYAI.CO 4XXXXX*5191 09 JAN XXXXXXXXXXXXXXXXX","9662.32",,"4999310.73"
,"11/01/2025","8400/000 : FNB","450.00 WAPPALYZER 4XX*5191 09 JAN XX8321 450.00 WAPPALYZER 4XXXXX*5191 09 JAN XXXXXXXXXXXXXXXXXXX832","Account Payment","450.00 WAPPALYZER 4XX*5191 09 JAN XX8321 450.00 WAPPALYZER 4XXXXX*5191 09 JAN XXXXXXXXXXXXXXXXXXX83","8713.51",,"5008024.24"
,"11/01/2025","8400/000 : FNB","360.00 AICAMP INC. 4XX*5191 09 JAN XX1019 360.00 AICAMP INC. 4XXXXX*5191 09 JAN XXXXXXXXXXXXXXXXXXX1","Account Payment","360.00 AICAMP INC. 4XX*5191 09 JAN XX1019 360.00 AICAMP INC. 4XXXXX*5191 09 JAN XXXXXXXXXXXXXXXXXXX","6970.81",,"5014995.05"
,"11/01/2025","8400/000 : FNB","99.00 DMNS.APP BUSI 4XX*5191 10 JAN XX9853 99.00 DMNS.APP BUSI 4XXXXX*5191 10 JAN XXXXXXXXXXXXXXXXXX","Account Payment","99.00 DMNS.APP BUSI 4XX*5191 10 JAN XX9853 99.00 DMNS.APP BUSI 4XXXXX*5191 10 JAN XXXXXXXXXXXXXXXXX","1919.26",,"5016914.31"
,"11/01/2025","8400/000 : FNB","70.00 NOTION LABS, 4XX*5191 10 JAN XX9410 70.00 NOTION LABS, 4XXXXX*5191 10 JAN XXXXXXXXXXXXXXXXXXX9","Account Payment","70.00 NOTION LABS, 4XX*5191 10 JAN XX9410 70.00 NOTION LABS, 4XXXXX*5191 10 JAN XXXXXXXXXXXXXXXXXXX","1357.06",,"5018271.37"
,"11/01/2025","8400/000 : FNB","67.85 LEMSQZY* CHAT 4XX*5191 10 JAN XX8779 67.85 LEMSQZY* CHAT 4XXXXX*5191 10 JAN XXXXXXXXXXXXXXXXXX","Account Payment","67.85 LEMSQZY* CHAT 4XX*5191 10 JAN XX8779 67.85 LEMSQZY* CHAT 4XXXXX*5191 10 JAN XXXXXXXXXXXXXXXXX","1315.37",,"5019586.74"
,"11/01/2025","8400/000 : FNB","60.00 INSOMNIA TEAM 4XX*5191 10 JAN XX2386 60.00 INSOMNIA TEAM 4XXXXX*5191 10 JAN XXXXXXXXXXXXXXXXXX","Account Payment","60.00 INSOMNIA TEAM 4XX*5191 10 JAN XX2386 60.00 INSOMNIA TEAM 4XXXXX*5191 10 JAN XXXXXXXXXXXXXXXXX","1163.19",,"5020749.93"
,"11/01/2025","8400/000 : FNB","49.00 SKRAPP.IO STA 4XX*5191 09 JAN XX2907 49.00 SKRAPP.IO STA 4XXXXX*5191 09 JAN XXXXXXXXXXXXXXXXXX","Account Payment","49.00 SKRAPP.IO STA 4XX*5191 09 JAN XX2907 49.00 SKRAPP.IO STA 4XXXXX*5191 09 JAN XXXXXXXXXXXXXXXXX","948.8",,"5021698.73"
,"11/01/2025","8400/000 : FNB","30.00 ISHRAQ LLC 4XX*5191 09 JAN XX0146 30.00 ISHRAQ LLC 4XXXXX*5191 09 JAN XXXXXXXXXXXXXXXXXXX0146","Account Payment","30.00 ISHRAQ LLC 4XX*5191 09 JAN XX0146 30.00 ISHRAQ LLC 4XXXXX*5191 09 JAN XXXXXXXXXXXXXXXXXXX0146","580.9",,"5022279.63"
,"11/01/2025","8400/000 : FNB","25.00 BEECEPTOR 4XX*5191 09 JAN XX6787 25.00 BEECEPTOR 4XXXXX*5191 09 JAN XXXXXXXXXXXXXXXXXXX6787","Account Payment","25.00 BEECEPTOR 4XX*5191 09 JAN XX6787 25.00 BEECEPTOR 4XXXXX*5191 09 JAN XXXXXXXXXXXXXXXXXXX6787","484.08",,"5022763.71"
,"11/01/2025","8400/000 : FNB","25.00 BEECEPTOR 4XX*5191 09 JAN XX6449 25.00 BEECEPTOR 4XXXXX*5191 09 JAN XXXXXXXXXXXXXXXXXXX6449","Account Payment","25.00 BEECEPTOR 4XX*5191 09 JAN XX6449 25.00 BEECEPTOR 4XXXXX*5191 09 JAN XXXXXXXXXXXXXXXXXXX6449","484.08",,"5023247.79"
,"11/01/2025","8400/000 : FNB","20.00 VERCEL INC. 4XX*5191 09 JAN XX9174 20.00 VERCEL INC. 4XXXXX*5191 09 JAN XXXXXXXXXXXXXXXXXXX917","Account Payment","20.00 VERCEL INC. 4XX*5191 09 JAN XX9174 20.00 VERCEL INC. 4XXXXX*5191 09 JAN XXXXXXXXXXXXXXXXXXX91","387.26",,"5023635.05"
,"11/01/2025","8400/000 : FNB","Shopify 14.00 SHOPIFY* 3162 4XXXXX*5191 09 JAN XXXXXXXXXXXXXXXXXXX1601 Shopify","Account Payment","Shopify 14.00 SHOPIFY* 3162 4XXXXX*5191 09 JAN XXXXXXXXXXXXXXXXXXX1601 Shopify","271.41",,"5023906.46"
,"11/01/2025","8400/000 : FNB","12.00 CODESANDBOX 4XX*5191 09 JAN XX6933 12.00 CODESANDBOX 4XXXXX*5191 09 JAN XXXXXXXXXXXXXXXXXXX693","Account Payment","12.00 CODESANDBOX 4XX*5191 09 JAN XX6933 12.00 CODESANDBOX 4XXXXX*5191 09 JAN XXXXXXXXXXXXXXXXXXX69","232.36",,"5024138.82"
,"11/01/2025","8400/000 : FNB","Intuit 171.12 INTUIT *QBoo 4XXXXX*5225 09 JAN XXXXXXXXXXXXXXXXXXX4309 Intuit","Account Payment","Intuit 171.12 INTUIT *QBoo 4XXXXX*5225 09 JAN XXXXXXXXXXXXXXXXXXX4309 Intuit","171.12",,"5024309.94"
,"11/01/2025","8400/000 : FNB","7.00 CHATBASE 4XX*5191 10 JAN XX1119 7.00 CHATBASE 4XXXXX*5191 10 JAN XXXXXXXXXXXXXXXXXXX1119","Account Payment","7.00 CHATBASE 4XX*5191 10 JAN XX1119 7.00 CHATBASE 4XXXXX*5191 10 JAN XXXXXXXXXXXXXXXXXXX1119","135.7",,"5024445.64"
,"13/01/2025","8400/000 : FNB","Shopify 3633.95 SHOPIFY* 31 4XXXXX*5225 10 JAN XXXXXXXXXXXXXXXXXXX3921 Shopify","Account Payment","Shopify 3633.95 SHOPIFY* 31 4XXXXX*5225 10 JAN XXXXXXXXXXXXXXXXXXX3921 Shopify","70449.62",,"5094895.26"
,"13/01/2025","8400/000 : FNB","Paddle 171.35 PADDLE.NET* 4XXXXX*5191 11 JAN XXXXXXXXXXXXXXXXXXX9340 Paddle","Account Payment","Paddle 171.35 PADDLE.NET* 4XXXXX*5191 11 JAN XXXXXXXXXXXXXXXXXXX9340 Paddle","3360.28",,"5098255.54"
,"13/01/2025","8400/000 : FNB","150.00 AUTH0.COM 4XX*5191 10 JAN XX8874 150.00 AUTH0.COM 4XXXXX*5191 10 JAN XXXXXXXXXXXXXXXXXXX8874","Account Payment","150.00 AUTH0.COM 4XX*5191 10 JAN XX8874 150.00 AUTH0.COM 4XXXXX*5191 10 JAN XXXXXXXXXXXXXXXXXXX8874","2907.98",,"5101163.52"
,"13/01/2025","8400/000 : FNB","134.00 SINCH MAILGU 4XX*5191 10 JAN XX1816 134.00 SINCH MAILGU 4XXXXX*5191 10 JAN XXXXXXXXXXXXXXXXXX","Account Payment","134.00 SINCH MAILGU 4XX*5191 10 JAN XX1816 134.00 SINCH MAILGU 4XXXXX*5191 10 JAN XXXXXXXXXXXXXXXXX","2597.8",,"5103761.32"
,"13/01/2025","8400/000 : FNB","99.00 PLAYFAB, INC. 4XX*5191 10 JAN XX5825 99.00 PLAYFAB, INC. 4XXXXX*5191 10 JAN XXXXXXXXXXXXXXXXXX","Account Payment","99.00 PLAYFAB, INC. 4XX*5191 10 JAN XX5825 99.00 PLAYFAB, INC. 4XXXXX*5191 10 JAN XXXXXXXXXXXXXXXXX","1919.26",,"5105680.58"
,"13/01/2025","8400/000 : FNB","Shopify 74.75 SHOPIFY* 3163 4XXXXX*5225 10 JAN XXXXXXXXXXXXXXXXXXX5196 Shopify","Account Payment","Shopify 74.75 SHOPIFY* 3163 4XXXXX*5225 10 JAN XXXXXXXXXXXXXXXXXXX5196 Shopify","1449.14",,"5107129.72"
,"13/01/2025","8400/000 : FNB","69.00 OPENAI *CHATG 4XX*5191 10 JAN XX7581 69.00 OPENAI *CHATG 4XXXXX*5191 10 JAN XXXXXXXXXXXXXXXXXX","Account Payment","69.00 OPENAI *CHATG 4XX*5191 10 JAN XX7581 69.00 OPENAI *CHATG 4XXXXX*5191 10 JAN XXXXXXXXXXXXXXXXX","1337.67",,"5108467.39"
,"13/01/2025","8400/000 : FNB","51.52 FRAPPE CLOUD 4XX*5191 11 JAN XX1902 51.52 FRAPPE CLOUD 4XXXXX*5191 11 JAN XXXXXXXXXXXXXXXXXXX1","Account Payment","51.52 FRAPPE CLOUD 4XX*5191 11 JAN XX1902 51.52 FRAPPE CLOUD 4XXXXX*5191 11 JAN XXXXXXXXXXXXXXXXXXX","1010.34",,"5109477.73"
,"13/01/2025","8400/000 : FNB","40.00 REPLIT, INC. 4XX*5191 10 JAN XX0505 40.00 REPLIT, INC. 4XXXXX*5191 10 JAN XXXXXXXXXXXXXXXXXXX0","Account Payment","40.00 REPLIT, INC. 4XX*5191 10 JAN XX0505 40.00 REPLIT, INC. 4XXXXX*5191 10 JAN XXXXXXXXXXXXXXXXXXX","775.47",,"5110253.2"
,"13/01/2025","8400/000 : FNB","Facebook 454.43 FACEBK *Z29H 4XXXXX*5191 10 JAN XXXXXXXXXXXXXXXXXXX4040 Facebook","Account Payment","Facebook 454.43 FACEBK *Z29H 4XXXXX*5191 10 JAN XXXXXXXXXXXXXXXXXXX4040 Facebook","454.43",,"5110707.63"
,"13/01/2025","8400/000 : FNB","21.56 SLACK T0740DV 4XX*5191 10 JAN XX4809 21.56 SLACK T0740DV 4XXXXX*5191 10 JAN XXXXXXXXXXXXXXXXXX","Account Payment","21.56 SLACK T0740DV 4XX*5191 10 JAN XX4809 21.56 SLACK T0740DV 4XXXXX*5191 10 JAN XXXXXXXXXXXXXXXXX","417.98",,"5111125.61"
,"13/01/2025","8400/000 : FNB","Shopify 14.00 SHOPIFY* 3162 4XXXXX*5191 10 JAN XXXXXXXXXXXXXXXXXXX7296 Shopify","Account Payment","Shopify 14.00 SHOPIFY* 3162 4XXXXX*5191 10 JAN XXXXXXXXXXXXXXXXXXX7296 Shopify","271.41",,"5111397.02"
,"13/01/2025","8400/000 : FNB","7.00 NPM, INC. 4XX*5191 11 JAN XX3394 7.00 NPM, INC. 4XXXXX*5191 11 JAN XXXXXXXXXXXXXXXXXXX3394","Account Payment","7.00 NPM, INC. 4XX*5191 11 JAN XX3394 7.00 NPM, INC. 4XXXXX*5191 11 JAN XXXXXXXXXXXXXXXXXXX3394","137.27",,"5111534.29"
,"13/01/2025","8400/000 : FNB","7.00 NPM, INC. 4XX*5191 11 JAN XX9150 7.00 NPM, INC. 4XXXXX*5191 11 JAN XXXXXXXXXXXXXXXXXXX9150","Account Payment","7.00 NPM, INC. 4XX*5191 11 JAN XX9150 7.00 NPM, INC. 4XXXXX*5191 11 JAN XXXXXXXXXXXXXXXXXXX9150","137.27",,"5111671.56"
,"13/01/2025","8400/000 : FNB","Google Store 34.99 Google One 4XXXXX*5191 10 JAN XXXXXXXXXXXXXXXXXXX8026 Google Store","Account Payment","Google Store 34.99 Google One 4XXXXX*5191 10 JAN XXXXXXXXXXXXXXXXXXX8026 Google Store","34.99",,"5111706.55"
,"14/01/2025","8400/000 : FNB","Github Inc. 210.00 GITHUB, INC. 4XXXXX*5225 11 JAN XXXXXXXXXXXXXXXXXXX8437 Github Inc.","Account Payment","Github Inc. 210.00 GITHUB, INC. 4XXXXX*5225 11 JAN XXXXXXXXXXXXXXXXXXX8437 Github Inc.","4118.23",,"5115824.78"
,"14/01/2025","8400/000 : FNB","150.00 OBSIDIAN.MD 4XX*5191 12 JAN XX1574 150.00 OBSIDIAN.MD 4XXXXX*5191 12 JAN XXXXXXXXXXXXXXXXXXX1","Account Payment","150.00 OBSIDIAN.MD 4XX*5191 12 JAN XX1574 150.00 OBSIDIAN.MD 4XXXXX*5191 12 JAN XXXXXXXXXXXXXXXXXXX","2941.59",,"5118766.37"
,"14/01/2025","8400/000 : FNB","99.00 DYNAMIC.XYZ 4XX*5191 11 JAN XX8625 99.00 DYNAMIC.XYZ 4XXXXX*5191 11 JAN XXXXXXXXXXXXXXXXXXX862","Account Payment","99.00 DYNAMIC.XYZ 4XX*5191 11 JAN XX8625 99.00 DYNAMIC.XYZ 4XXXXX*5191 11 JAN XXXXXXXXXXXXXXXXXXX86","1941.45",,"5120707.82"
,"14/01/2025","8400/000 : FNB","Github Inc. 73.21 GITHUB, INC. 4XXXXX*5191 11 JAN XXXXXXXXXXXXXXXXXXX3835 Github Inc.","Account Payment","Github Inc. 73.21 GITHUB, INC. 4XXXXX*5191 11 JAN XXXXXXXXXXXXXXXXXXX3835 Github Inc.","1435.69",,"5122143.51"
,"14/01/2025","8400/000 : FNB","Digitalocean 47.84 DIGITALOCEAN. 4XXXXX*5191 11 JAN XXXXXXXXXXXXXXXXXXX6647 Digitalocean","Account Payment","Digitalocean 47.84 DIGITALOCEAN. 4XXXXX*5191 11 JAN XXXXXXXXXXXXXXXXXXX6647 Digitalocean","938.18",,"5123081.69"
,"14/01/2025","8400/000 : FNB","Github Inc. 42.00 GITHUB, INC. 4XXXXX*5191 11 JAN XXXXXXXXXXXXXXXXXXX3141 Github Inc.","Account Payment","Github Inc. 42.00 GITHUB, INC. 4XXXXX*5191 11 JAN XXXXXXXXXXXXXXXXXXX3141 Github Inc.","823.65",,"5123905.34"
,"14/01/2025","8400/000 : FNB","32.00 BUBBLE STARTE 4XX*5191 11 JAN XX1988 32.00 BUBBLE STARTE 4XXXXX*5191 11 JAN XXXXXXXXXXXXXXXXXX","Account Payment","32.00 BUBBLE STARTE 4XX*5191 11 JAN XX1988 32.00 BUBBLE STARTE 4XXXXX*5191 11 JAN XXXXXXXXXXXXXXXXX","627.53",,"5124532.87"
,"14/01/2025","8400/000 : FNB","Intuit 570.40 INTUIT *QBoo 4XXXXX*5225 11 JAN XXXXXXXXXXXXXXXXXXX5290 Intuit","Account Payment","Intuit 570.40 INTUIT *QBoo 4XXXXX*5225 11 JAN XXXXXXXXXXXXXXXXXXX5290 Intuit","570.4",,"5125103.27"
,"14/01/2025","8400/000 : FNB","Intuit 570.40 INTUIT *QBoo 4XXXXX*5225 11 JAN XXXXXXXXXXXXXXXXXXX5274 Intuit","Account Payment","Intuit 570.40 INTUIT *QBoo 4XXXXX*5225 11 JAN XXXXXXXXXXXXXXXXXXX5274 Intuit","570.4",,"5125673.67"
,"14/01/2025","8400/000 : FNB","Hightail 15.00 HIGHTAIL 4XXXXX*5191 12 JAN XXXXXXXXXXXXXXXXXXX4095 Hightail","Account Payment","Hightail 15.00 HIGHTAIL 4XXXXX*5191 12 JAN XXXXXXXXXXXXXXXXXXX4095 Hightail","294.16",,"5125967.83"
,"14/01/2025","8400/000 : FNB","15.00 TABNINE 4XX*5191 12 JAN XX8584 15.00 TABNINE 4XXXXX*5191 12 JAN XXXXXXXXXXXXXXXXXXX8584","Account Payment","15.00 TABNINE 4XX*5191 12 JAN XX8584 15.00 TABNINE 4XXXXX*5191 12 JAN XXXXXXXXXXXXXXXXXXX8584","294.16",,"5126261.99"
,"14/01/2025","8400/000 : FNB","15.00 CAL.COM 4XX*5191 12 JAN XX8996 15.00 CAL.COM 4XXXXX*5191 12 JAN XXXXXXXXXXXXXXXXXXX8996","Account Payment","15.00 CAL.COM 4XX*5191 12 JAN XX8996 15.00 CAL.COM 4XXXXX*5191 12 JAN XXXXXXXXXXXXXXXXXXX8996","294.16",,"5126556.15"
,"14/01/2025","8400/000 : FNB","7.00 NPM, INC. 4XX*5191 11 JAN XX0705 7.00 NPM, INC. 4XXXXX*5191 11 JAN XXXXXXXXXXXXXXXXXXX0705","Account Payment","7.00 NPM, INC. 4XX*5191 11 JAN XX0705 7.00 NPM, INC. 4XXXXX*5191 11 JAN XXXXXXXXXXXXXXXXXXX0705","137.27",,"5126693.42"
,"14/01/2025","8400/000 : FNB","7.00 NPM, INC. 4XX*5191 11 JAN XX3961 7.00 NPM, INC. 4XXXXX*5191 11 JAN XXXXXXXXXXXXXXXXXXX3961","Account Payment","7.00 NPM, INC. 4XX*5191 11 JAN XX3961 7.00 NPM, INC. 4XXXXX*5191 11 JAN XXXXXXXXXXXXXXXXXXX3961","137.27",,"5126830.69"
,"15/01/2025","8400/000 : FNB","Google Service Charges/Fees #INT PYMT FEE-34.99 Googl Google","Account Payment","Google Service Charges/Fees INT PYMT FEE-34.99 Googl Google","0.7",,"5126831.39"
,"15/01/2025","8400/000 : FNB","5.00 WWW.FLUX.AI 4XX*5191 13 JAN XX6926 5.00 WWW.FLUX.AI 4XXXXX*5191 13 JAN XXXXXXXXXXXXXXXXXXX6926","Account Payment","5.00 WWW.FLUX.AI 4XX*5191 13 JAN XX6926 5.00 WWW.FLUX.AI 4XXXXX*5191 13 JAN XXXXXXXXXXXXXXXXXXX6926","98.05",,"5126929.44"
,"15/01/2025","8400/000 : FNB","11.49 GOOGLE *Colab 4XX*5191 14 JAN XX5895 11.49 GOOGLE *Colab 4XXXXX*5191 14 JAN XXXXXXXXXXXXXXXXXX","Account Payment","11.49 GOOGLE *Colab 4XX*5191 14 JAN XX5895 11.49 GOOGLE *Colab 4XXXXX*5191 14 JAN XXXXXXXXXXXXXXXXX","225.57",,"5127155.01"
,"15/01/2025","8400/000 : FNB","10.00 SUNO INC. 4XX*5191 13 JAN XX4546 10.00 SUNO INC. 4XXXXX*5191 13 JAN XXXXXXXXXXXXXXXXXXX4546","Account Payment","10.00 SUNO INC. 4XX*5191 13 JAN XX4546 10.00 SUNO INC. 4XXXXX*5191 13 JAN XXXXXXXXXXXXXXXXXXX4546","196.11",,"5127351.12"
,"15/01/2025","8400/000 : FNB","Facebook Service Charges/Fees #INT PYMT FEE-135.79 FACE Facebook","Account Payment","Facebook Service Charges/Fees INT PYMT FEE-135.79 FACE Facebook","2.72",,"5127353.84"
,"15/01/2025","8400/000 : FNB","Stable 249.00 STABLE 4XXXXX*5191 14 JAN XXXXXXXXXXXXXXXXXXX5677 Stable","Account Payment","Stable 249.00 STABLE 4XXXXX*5191 14 JAN XXXXXXXXXXXXXXXXXXX5677 Stable","4888.47",,"5132242.31"
,"15/01/2025","8400/000 : FNB","180.00 AGENCYANALYT 4XX*5225 13 JAN XX1427 180.00 AGENCYANALYT 4XXXXX*5225 13 JAN XXXXXXXXXXXXXXXXXX","Account Payment","180.00 AGENCYANALYT 4XX*5225 13 JAN XX1427 180.00 AGENCYANALYT 4XXXXX*5225 13 JAN XXXXXXXXXXXXXXXXX","3529.9",,"5135772.21"
,"15/01/2025","8400/000 : FNB","55.26 PADDLE.NET* W 4XX*5191 14 JAN XX6016 55.26 PADDLE.NET* W 4XXXXX*5191 14 JAN XXXXXXXXXXXXXXXXXX","Account Payment","55.26 PADDLE.NET* W 4XX*5191 14 JAN XX6016 55.26 PADDLE.NET* W 4XXXXX*5191 14 JAN XXXXXXXXXXXXXXXXX","1084.88",,"5136857.09"
,"15/01/2025","8400/000 : FNB","20.00 HUGGINGFACE 4XX*5191 14 JAN XX3083 20.00 HUGGINGFACE 4XXXXX*5191 14 JAN XXXXXXXXXXXXXXXXXXX308","Account Payment","20.00 HUGGINGFACE 4XX*5191 14 JAN XX3083 20.00 HUGGINGFACE 4XXXXX*5191 14 JAN XXXXXXXXXXXXXXXXXXX30","392.65",,"5137249.74"
,"15/01/2025","8400/000 : FNB","20.00 RAILWAY 4XX*5191 13 JAN XX6739 20.00 RAILWAY 4XXXXX*5191 13 JAN XXXXXXXXXXXXXXXXXXX6739","Account Payment","20.00 RAILWAY 4XX*5191 13 JAN XX6739 20.00 RAILWAY 4XXXXX*5191 13 JAN XXXXXXXXXXXXXXXXXXX6739","392.21",,"5137641.95"
,"15/01/2025","8400/000 : FNB","20.00 HEROKU* DEC-1 4XX*5191 13 JAN XX3657 20.00 HEROKU* DEC-1 4XXXXX*5191 13 JAN XXXXXXXXXXXXXXXXXX","Account Payment","20.00 HEROKU* DEC-1 4XX*5191 13 JAN XX3657 20.00 HEROKU* DEC-1 4XXXXX*5191 13 JAN XXXXXXXXXXXXXXXXX","392.21",,"5138034.16"
,"15/01/2025","8400/000 : FNB","20.00 RAILWAY 4XX*5191 13 JAN XX7730 20.00 RAILWAY 4XXXXX*5191 13 JAN XXXXXXXXXXXXXXXXXXX7730","Account Payment","20.00 RAILWAY 4XX*5191 13 JAN XX7730 20.00 RAILWAY 4XXXXX*5191 13 JAN XXXXXXXXXXXXXXXXXXX7730","392.21",,"5138426.37"
,"16/01/2025","8400/000 : FNB","40.00 REPLIT, INC. 4XX*5191 14 JAN XX2108 40.00 REPLIT, INC. 4XXXXX*5191 14 JAN XXXXXXXXXXXXXXXXXXX2","Account Payment","40.00 REPLIT, INC. 4XX*5191 14 JAN XX2108 40.00 REPLIT, INC. 4XXXXX*5191 14 JAN XXXXXXXXXXXXXXXXXXX","785.3",,"5139211.67"
,"16/01/2025","8400/000 : FNB","129.00 LOOKA LOGO M 4XX*5191 14 JAN XX5195 129.00 LOOKA LOGO M 4XXXXX*5191 14 JAN XXXXXXXXXXXXXXXXXX","Account Payment","129.00 LOOKA LOGO M 4XX*5191 14 JAN XX5195 129.00 LOOKA LOGO M 4XXXXX*5191 14 JAN XXXXXXXXXXXXXXXXX","2532.58",,"5141744.25"
,"16/01/2025","8400/000 : FNB","129.00 LOOKA LOGO M 4XX*5191 14 JAN XX1343 129.00 LOOKA LOGO M 4XXXXX*5191 14 JAN XXXXXXXXXXXXXXXXXX","Account Payment","129.00 LOOKA LOGO M 4XX*5191 14 JAN XX1343 129.00 LOOKA LOGO M 4XXXXX*5191 14 JAN XXXXXXXXXXXXXXXXX","2532.58",,"5144276.83"
,"16/01/2025","8400/000 : FNB","129.00 LOOKA LOGO M 4XX*5191 14 JAN XX1892 129.00 LOOKA LOGO M 4XXXXX*5191 14 JAN XXXXXXXXXXXXXXXXXX","Account Payment","129.00 LOOKA LOGO M 4XX*5191 14 JAN XX1892 129.00 LOOKA LOGO M 4XXXXX*5191 14 JAN XXXXXXXXXXXXXXXXX","2532.58",,"5146809.41"
,"16/01/2025","8400/000 : FNB","172.50 OPENAI *CHAT 4XX*5191 14 JAN XX7250 172.50 OPENAI *CHAT 4XXXXX*5191 14 JAN XXXXXXXXXXXXXXXXXX","Account Payment","172.50 OPENAI *CHAT 4XX*5191 14 JAN XX7250 172.50 OPENAI *CHAT 4XXXXX*5191 14 JAN XXXXXXXXXXXXXXXXX","3386.59",,"5150196"
,"16/01/2025","8400/000 : FNB","280.00 WIZA.CO 4XX*5191 14 JAN XX8582 280.00 WIZA.CO 4XXXXX*5191 14 JAN XXXXXXXXXXXXXXXXXXX8582","Account Payment","280.00 WIZA.CO 4XX*5191 14 JAN XX8582 280.00 WIZA.CO 4XXXXX*5191 14 JAN XXXXXXXXXXXXXXXXXXX8582","5497.08",,"5155693.08"
,"16/01/2025","8400/000 : FNB","Github Inc. 14.00 GITHUB, INC. 4XXXXX*5225 14 JAN XXXXXXXXXXXXXXXXXXX0480 Github Inc.","Account Payment","Github Inc. 14.00 GITHUB, INC. 4XXXXX*5225 14 JAN XXXXXXXXXXXXXXXXXXX0480 Github Inc.","274.85",,"5155967.93"
,"16/01/2025","8400/000 : FNB","21.27 RAILWAY 4XX*5191 14 JAN XX5184 21.27 RAILWAY 4XXXXX*5191 14 JAN XXXXXXXXXXXXXXXXXXX5184","Account Payment","21.27 RAILWAY 4XX*5191 14 JAN XX5184 21.27 RAILWAY 4XXXXX*5191 14 JAN XXXXXXXXXXXXXXXXXXX5184","417.58",,"5156385.51"
,"16/01/2025","8400/000 : FNB","Intuit 570.40 INTUIT *QBoo 4XXXXX*5225 14 JAN XXXXXXXXXXXXXXXXXXX4326 Intuit","Account Payment","Intuit 570.40 INTUIT *QBoo 4XXXXX*5225 14 JAN XXXXXXXXXXXXXXXXXXX4326 Intuit","570.4",,"5156955.91"
,"17/01/2025","8400/000 : FNB","350.00 FRAMER.COM 4XX*5191 16 JAN XX1183 350.00 FRAMER.COM 4XXXXX*5191 16 JAN XXXXXXXXXXXXXXXXXXX118","Account Payment","350.00 FRAMER.COM 4XX*5191 16 JAN XX1183 350.00 FRAMER.COM 4XXXXX*5191 16 JAN XXXXXXXXXXXXXXXXXXX11","350",,"5157305.91"
,"17/01/2025","8400/000 : FNB","Github Inc. 91.00 GITHUB, INC. 4XXXXX*5191 15 JAN XXXXXXXXXXXXXXXXXXX9572 Github Inc.","Account Payment","Github Inc. 91.00 GITHUB, INC. 4XXXXX*5191 15 JAN XXXXXXXXXXXXXXXXXXX9572 Github Inc.","1770.67",,"5159076.58"
,"17/01/2025","8400/000 : FNB","174.00 INTERCOM R&D 4XX*5191 15 JAN XX7383 174.00 INTERCOM R&D 4XXXXX*5191 15 JAN XXXXXXXXXXXXXXXXXX","Account Payment","174.00 INTERCOM R&D 4XX*5191 15 JAN XX7383 174.00 INTERCOM R&D 4XXXXX*5191 15 JAN XXXXXXXXXXXXXXXXX","3366.86",,"5162443.44"
,"17/01/2025","8400/000 : FNB","184.74 SLACK T0MN3D 4XX*5225 15 JAN XX7254 184.74 SLACK T0MN3D 4XXXXX*5225 15 JAN XXXXXXXXXXXXXXXXXX","Account Payment","184.74 SLACK T0MN3D 4XX*5225 15 JAN XX7254 184.74 SLACK T0MN3D 4XXXXX*5225 15 JAN XXXXXXXXXXXXXXXXX","3594.65",,"5166038.09"
,"17/01/2025","8400/000 : FNB","231.95 HOLASPIRIT 4XX*5225 15 JAN XX0811 231.95 HOLASPIRIT 4XXXXX*5225 15 JAN XXXXXXXXXXXXXXXXXXX081","Account Payment","231.95 HOLASPIRIT 4XX*5225 15 JAN XX0811 231.95 HOLASPIRIT 4XXXXX*5225 15 JAN XXXXXXXXXXXXXXXXXXX08","4642.84",,"5170680.93"
,"17/01/2025","8400/000 : FNB","376.40 HOLASPIRIT 4XX*5225 15 JAN XX8954 376.40 HOLASPIRIT 4XXXXX*5225 15 JAN XXXXXXXXXXXXXXXXXXX895","Account Payment","376.40 HOLASPIRIT 4XX*5225 15 JAN XX8954 376.40 HOLASPIRIT 4XXXXX*5225 15 JAN XXXXXXXXXXXXXXXXXXX89","7534.22",,"5178215.15"
,"18/01/2025","8400/000 : FNB","20.00 VERCEL INC. 4XX*5191 16 JAN XX8922 20.00 VERCEL INC. 4XXXXX*5191 16 JAN XXXXXXXXXXXXXXXXXXX892","Account Payment","20.00 VERCEL INC. 4XX*5191 16 JAN XX8922 20.00 VERCEL INC. 4XXXXX*5191 16 JAN XXXXXXXXXXXXXXXXXXX89","387",,"5178602.15"
,"21/01/2025","8400/000 : FNB","Facebook Service Charges/Fees #INT PYMT FEE-454.43 FACE Facebook","Account Payment","Facebook Service Charges/Fees INT PYMT FEE-454.43 FACE Facebook","9.09",,"5178611.24"
,"21/01/2025","8400/000 : FNB","Google Service Charges/Fees #INT PYMT FEE-34.99 Googl Google","Account Payment","Google Service Charges/Fees INT PYMT FEE-34.99 Googl Google","0.7",,"5178611.94"
,"21/01/2025","8400/000 : FNB","299.00 MANGOAPPS 4XX*5191 19 JAN XX4836 299.00 MANGOAPPS 4XXXXX*5191 19 JAN XXXXXXXXXXXXXXXXXXX4836","Account Payment","299.00 MANGOAPPS 4XX*5191 19 JAN XX4836 299.00 MANGOAPPS 4XXXXX*5191 19 JAN XXXXXXXXXXXXXXXXXXX4836","5749.18",,"5184361.12"
,"21/01/2025","8400/000 : FNB","59.00 GREENBACK.COM 4XX*5225 19 JAN XX8371 59.00 GREENBACK.COM 4XXXXX*5225 19 JAN XXXXXXXXXXXXXXXXXX","Account Payment","59.00 GREENBACK.COM 4XX*5225 19 JAN XX8371 59.00 GREENBACK.COM 4XXXXX*5225 19 JAN XXXXXXXXXXXXXXXXX","1134.45",,"5185495.57"
,"22/01/2025","8400/000 : FNB","54.00 AIRTABLE.COM/ 4XX*5191 21 JAN XX1019 54.00 AIRTABLE.COM/ 4XXXXX*5191 21 JAN XXXXXXXXXXXXXXXXXX","Account Payment","54.00 AIRTABLE.COM/ 4XX*5191 21 JAN XX1019 54.00 AIRTABLE.COM/ 4XXXXX*5191 21 JAN XXXXXXXXXXXXXXXXX","1035.2",,"5186530.77"
,"22/01/2025","8400/000 : FNB","74.00 PIPEDREAM, IN 4XX*5191 20 JAN XX3588 74.00 PIPEDREAM, IN 4XXXXX*5191 20 JAN XXXXXXXXXXXXXXXXXX","Account Payment","74.00 PIPEDREAM, IN 4XX*5191 20 JAN XX3588 74.00 PIPEDREAM, IN 4XXXXX*5191 20 JAN XXXXXXXXXXXXXXXXX","1422.87",,"5187953.64"
,"24/01/2025","8400/000 : FNB","299.00 ORG CHART 4XX*5191 22 JAN XX2214 299.00 ORG CHART 4XXXXX*5191 22 JAN XXXXXXXXXXXXXXXXXXX2214","Account Payment","299.00 ORG CHART 4XX*5191 22 JAN XX2214 299.00 ORG CHART 4XXXXX*5191 22 JAN XXXXXXXXXXXXXXXXXXX2214","5706.45",,"5193660.09"
,"25/01/2025","8400/000 : FNB","68.86 DNH*DOMAINS#3 4XX*5225 23 JAN XX2974 68.86 DNH*DOMAINS#3 4XXXXX*5225 23 JAN XXXXXXXXXXXXXXXXXX","Account Payment","68.86 DNH*DOMAINS3 4XX*5225 23 JAN XX2974 68.86 DNH*DOMAINS3 4XXXXX*5225 23 JAN XXXXXXXXXXXXXXXXX","1305.89",,"5194965.98"
,"25/01/2025","8400/000 : FNB","89.00 SENTRY 4XX*5191 24 JAN XX2168 89.00 SENTRY 4XXXXX*5191 24 JAN XXXXXXXXXXXXXXXXXXX2168","Account Payment","89.00 SENTRY 4XX*5191 24 JAN XX2168 89.00 SENTRY 4XXXXX*5191 24 JAN XXXXXXXXXXXXXXXXXXX2168","1690.38",,"5196656.36"
,"25/01/2025","8400/000 : FNB","6.00 DOCKER, INC. 4XX*5191 24 JAN XX1905 6.00 DOCKER, INC. 4XXXXX*5191 24 JAN XXXXXXXXXXXXXXXXXXX190","Account Payment","6.00 DOCKER, INC. 4XX*5191 24 JAN XX1905 6.00 DOCKER, INC. 4XXXXX*5191 24 JAN XXXXXXXXXXXXXXXXXXX19","113.95",,"5196770.31"
,"25/01/2025","8400/000 : FNB","30.00 HASURA 4XX*5191 23 JAN XX3187 30.00 HASURA 4XXXXX*5191 23 JAN XXXXXXXXXXXXXXXXXXX3187","Account Payment","30.00 HASURA 4XX*5191 23 JAN XX3187 30.00 HASURA 4XXXXX*5191 23 JAN XXXXXXXXXXXXXXXXXXX3187","569.79",,"5197340.1"
,"27/01/2025","8400/000 : FNB","2123.25 DNH*DOMAINS 4XX*5225 24 JAN XX6140 2123.25 DNH*DOMAINS 4XXXXX*5225 24 JAN XXXXXXXXXXXXXXXXXX","Account Payment","2123.25 DNH*DOMAINS 4XX*5225 24 JAN XX6140 2123.25 DNH*DOMAINS 4XXXXX*5225 24 JAN XXXXXXXXXXXXXXXXX","40327.11",,"5237667.21"
,"28/01/2025","8400/000 : FNB","50.00 OBSIDIAN.MD 4XX*5191 26 JAN XX8435 50.00 OBSIDIAN.MD 4XXXXX*5191 26 JAN XXXXXXXXXXXXXXXXXXX843","Account Payment","50.00 OBSIDIAN.MD 4XX*5191 26 JAN XX8435 50.00 OBSIDIAN.MD 4XXXXX*5191 26 JAN XXXXXXXXXXXXXXXXXXX84","945.99",,"5238613.2"
,"29/01/2025","8400/000 : FNB","Intuit 546.25 INTUIT *QBoo 4XXXXX*5225 27 JAN XXXXXXXXXXXXXXXXXXX0371 Intuit","Account Payment","Intuit 546.25 INTUIT *QBoo 4XXXXX*5225 27 JAN XXXXXXXXXXXXXXXXXXX0371 Intuit","546.25",,"5239159.45"
,"29/01/2025","8400/000 : FNB","Intuit 570.40 INTUIT *QBoo 4XXXXX*5225 27 JAN XXXXXXXXXXXXXXXXXXX7314 Intuit","Account Payment","Intuit 570.40 INTUIT *QBoo 4XXXXX*5225 27 JAN XXXXXXXXXXXXXXXXXXX7314 Intuit","570.4",,"5239729.85"
,"29/01/2025","8400/000 : FNB","Intuit 570.40 INTUIT *QBoo 4XXXXX*5225 27 JAN XXXXXXXXXXXXXXXXXXX9531 Intuit","Account Payment","Intuit 570.40 INTUIT *QBoo 4XXXXX*5225 27 JAN XXXXXXXXXXXXXXXXXXX9531 Intuit","570.4",,"5240300.25"
,"29/01/2025","8400/000 : FNB","150.00 AUTH0.COM 4XX*5191 27 JAN XX9811 150.00 AUTH0.COM 4XXXXX*5191 27 JAN XXXXXXXXXXXXXXXXXXX9811","Account Payment","150.00 AUTH0.COM 4XX*5191 27 JAN XX9811 150.00 AUTH0.COM 4XXXXX*5191 27 JAN XXXXXXXXXXXXXXXXXXX9811","2837.97",,"5243138.22"
,"29/01/2025","8400/000 : FNB","399.99 POE.COM 4XX*5191 28 JAN XX4490 399.99 POE.COM 4XXXXX*5191 28 JAN XXXXXXXXXXXXXXXXXXX4490","Account Payment","399.99 POE.COM 4XX*5191 28 JAN XX4490 399.99 POE.COM 4XXXXX*5191 28 JAN XXXXXXXXXXXXXXXXXXX4490","399.99",,"5243538.21"
,"29/01/2025","8400/000 : FNB","1150.00 AUTH0.COM 4XX*5191 28 JAN XX8132 1150.00 AUTH0.COM 4XXXXX*5191 28 JAN XXXXXXXXXXXXXXXXXXX813","Account Payment","1150.00 AUTH0.COM 4XX*5191 28 JAN XX8132 1150.00 AUTH0.COM 4XXXXX*5191 28 JAN XXXXXXXXXXXXXXXXXXX81","22041.83",,"5265580.04"
,"30/01/2025","8400/000 : FNB","9.00 GITPOD.IO 4XX*5191 28 JAN XX4157 9.00 GITPOD.IO 4XXXXX*5191 28 JAN XXXXXXXXXXXXXXXXXXX4157","Account Payment","9.00 GITPOD.IO 4XX*5191 28 JAN XX4157 9.00 GITPOD.IO 4XXXXX*5191 28 JAN XXXXXXXXXXXXXXXXXXX4157","172.5",,"5265752.54"
,"30/01/2025","8400/000 : FNB","Dropbox 18.38 Dropbox 3HX6D 4XXXXX*5191 28 JAN XXXXXXXXXXXXXXXXXXX7033 Dropbox","Account Payment","Dropbox 18.38 Dropbox 3HX6D 4XXXXX*5191 28 JAN XXXXXXXXXXXXXXXXXXX7033 Dropbox","352.29",,"5266104.83"
,"30/01/2025","8400/000 : FNB","430.00 Dlocal *Micr 4XX*5191 28 JAN XX0426 430.00 Dlocal *Micr 4XXXXX*5191 28 JAN XXXXXXXXXXXXXXXXXX","Account Payment","430.00 Dlocal *Micr 4XX*5191 28 JAN XX0426 430.00 Dlocal *Micr 4XXXXX*5191 28 JAN XXXXXXXXXXXXXXXXX","430",,"5266534.83"
,"30/01/2025","8400/000 : FNB","29.99 BEENVERIFIED 4XX*5191 28 JAN XX2780 29.99 BEENVERIFIED 4XXXXX*5191 28 JAN XXXXXXXXXXXXXXXXXXX2","Account Payment","29.99 BEENVERIFIED 4XX*5191 28 JAN XX2780 29.99 BEENVERIFIED 4XXXXX*5191 28 JAN XXXXXXXXXXXXXXXXXXX","574.81",,"5267109.64"
,"31/01/2025","8400/000 : FNB","5050.80 FRESHWORKS 4XX*5225 29 JAN XX7937 5050.80 FRESHWORKS 4XXXXX*5225 29 JAN XXXXXXXXXXXXXXXXXXX7","Account Payment","5050.80 FRESHWORKS 4XX*5225 29 JAN XX7937 5050.80 FRESHWORKS 4XXXXX*5225 29 JAN XXXXXXXXXXXXXXXXXXX","5050.8",,"5272160.44"
,"31/01/2025","8400/000 : FNB","Shopify 3421.17 SHOPIFY* 32 4XXXXX*5191 29 JAN XXXXXXXXXXXXXXXXXXX2220 Shopify","Account Payment","Shopify 3421.17 SHOPIFY* 32 4XXXXX*5191 29 JAN XXXXXXXXXXXXXXXXXXX2220 Shopify","65898.08",,"5338058.52"
,"31/01/2025","8400/000 : FNB","5.00 COMPONENTS.STU 4XX*5191 29 JAN XX7967 5.00 COMPONENTS.STU 4XXXXX*5191 29 JAN XXXXXXXXXXXXXXXXXX","Account Payment","5.00 COMPONENTS.STU 4XX*5191 29 JAN XX7967 5.00 COMPONENTS.STU 4XXXXX*5191 29 JAN XXXXXXXXXXXXXXXXX","96.31",,"5338154.83"
,"31/01/2025","8400/000 : FNB","50.00 ANACONDA INC. 4XX*5191 29 JAN XX7485 50.00 ANACONDA INC. 4XXXXX*5191 29 JAN XXXXXXXXXXXXXXXXXX","Account Payment","50.00 ANACONDA INC. 4XX*5191 29 JAN XX7485 50.00 ANACONDA INC. 4XXXXX*5191 29 JAN XXXXXXXXXXXXXXXXX","963.09",,"5339117.92"
,"31/01/2025","8400/000 : FNB","Facebook 1129.79 FACEBK *ZAS 4XXXXX*5191 30 JAN XXXXXXXXXXXXXXXXXXX6939 Facebook","Account Payment","Facebook 1129.79 FACEBK *ZAS 4XXXXX*5191 30 JAN XXXXXXXXXXXXXXXXXXX6939 Facebook","1129.79",,"5340247.71"
,"31/01/2025","8400/000 : FNB","67.85 LEMSQZY* CHAT 4XX*5191 30 JAN XX9580 67.85 LEMSQZY* CHAT 4XXXXX*5191 30 JAN XXXXXXXXXXXXXXXXXX","Account Payment","67.85 LEMSQZY* CHAT 4XX*5191 30 JAN XX9580 67.85 LEMSQZY* CHAT 4XXXXX*5191 30 JAN XXXXXXXXXXXXXXXXX","1298.39",,"5341546.1"
,"01/02/2025","8400/000 : FNB","Dropbox 18.38 Dropbox 3HX6D 4XXXXX*5191 28 JAN XXXXXXXXXXXXXXXXXXX6035 Dropbox","Account Receipt","Dropbox 18.38 Dropbox 3HX6D 4XXXXX*5191 28 JAN XXXXXXXXXXXXXXXXXXX6035 Dropbox",,"333.13","5341212.97"
,"01/02/2025","8400/000 : FNB","20.00 HUGGINGFACE 4XX*5191 31 JAN XX2178 20.00 HUGGINGFACE 4XXXXX*5191 31 JAN XXXXXXXXXXXXXXXXXXX217","Account Payment","20.00 HUGGINGFACE 4XX*5191 31 JAN XX2178 20.00 HUGGINGFACE 4XXXXX*5191 31 JAN XXXXXXXXXXXXXXXXXXX21","379.91",,"5341592.88"
,"01/02/2025","8400/000 : FNB","100.00 REG AGENT ST 4XX*5191 31 JAN XX4014 100.00 REG AGENT ST 4XXXXX*5191 31 JAN XXXXXXXXXXXXXXXXXX","Account Payment","100.00 REG AGENT ST 4XX*5191 31 JAN XX4014 100.00 REG AGENT ST 4XXXXX*5191 31 JAN XXXXXXXXXXXXXXXXX","1899.53",,"5343492.41"
,"03/02/2025","8400/000 : FNB","10.00 MATTERMOST 4XX*5191 31 JAN XX2313 10.00 MATTERMOST 4XXXXX*5191 31 JAN XXXXXXXXXXXXXXXXXXX2313","Account Payment","10.00 MATTERMOST 4XX*5191 31 JAN XX2313 10.00 MATTERMOST 4XXXXX*5191 31 JAN XXXXXXXXXXXXXXXXXXX2313","189.95",,"5343682.36"
,"03/02/2025","8400/000 : FNB","883.20 SQSP* INV167 4XX*5191 31 JAN XX4910 883.20 SQSP* INV167 4XXXXX*5191 31 JAN XXXXXXXXXXXXXXXXXX","Account Payment","883.20 SQSP* INV167 4XX*5191 31 JAN XX4910 883.20 SQSP* INV167 4XXXXX*5191 31 JAN XXXXXXXXXXXXXXXXX","883.2",,"5344565.56"
,"03/02/2025","8400/000 : FNB","Digitalocean 47.84 DIGITALOCEAN. 4XXXXX*5191 01 FEB XXXXXXXXXXXXXXXXXXX1076 Digitalocean","Account Payment","Digitalocean 47.84 DIGITALOCEAN. 4XXXXX*5191 01 FEB XXXXXXXXXXXXXXXXXXX1076 Digitalocean","914.86",,"5345480.42"
,"03/02/2025","8400/000 : FNB","48.30 FRAPPE CLOUD 4XX*5191 31 JAN XX7317 48.30 FRAPPE CLOUD 4XXXXX*5191 31 JAN XXXXXXXXXXXXXXXXXXX7","Account Payment","48.30 FRAPPE CLOUD 4XX*5191 31 JAN XX7317 48.30 FRAPPE CLOUD 4XXXXX*5191 31 JAN XXXXXXXXXXXXXXXXXXX","917.47",,"5346397.89"
,"04/02/2025","8400/000 : FNB","1.00 VERCEL INC. 4XX*5225 01 FEB XX5683 1.00 VERCEL INC. 4XXXXX*5225 01 FEB XXXXXXXXXXXXXXXXXXX5683","Account Payment","1.00 VERCEL INC. 4XX*5225 01 FEB XX5683 1.00 VERCEL INC. 4XXXXX*5225 01 FEB XXXXXXXXXXXXXXXXXXX5683","19.13",,"5346417.02"
,"04/02/2025","8400/000 : FNB","Facebook 4.60 FACEBK *5H6YVJ 4XXXXX*5191 01 FEB XXXXXXXXXXXXXXXXXXX9021 Facebook","Account Payment","Facebook 4.60 FACEBK *5H6YVJ 4XXXXX*5191 01 FEB XXXXXXXXXXXXXXXXXXX9021 Facebook","87.96",,"5346504.98"
,"04/02/2025","8400/000 : FNB","Facebook 13.80 FACEBK *D6KPS 4XXXXX*5191 01 FEB XXXXXXXXXXXXXXXXXXX3047 Facebook","Account Payment","Facebook 13.80 FACEBK *D6KPS 4XXXXX*5191 01 FEB XXXXXXXXXXXXXXXXXXX3047 Facebook","263.9",,"5346768.88"
,"04/02/2025","8400/000 : FNB","17.25 SLACK T06A3T4 4XX*5191 01 FEB XX3448 17.25 SLACK T06A3T4 4XXXXX*5191 01 FEB XXXXXXXXXXXXXXXXXX","Account Payment","17.25 SLACK T06A3T4 4XX*5191 01 FEB XX3448 17.25 SLACK T06A3T4 4XXXXX*5191 01 FEB XXXXXXXXXXXXXXXXX","329.88",,"5347098.76"
,"04/02/2025","8400/000 : FNB","Dropbox 18.38 DROPBOX*3HX6D 4XXXXX*5191 01 FEB XXXXXXXXXXXXXXXXXXX0826 Dropbox","Account Payment","Dropbox 18.38 DROPBOX*3HX6D 4XXXXX*5191 01 FEB XXXXXXXXXXXXXXXXXXX0826 Dropbox","351.49",,"5347450.25"
,"04/02/2025","8400/000 : FNB","Facebook 23.00 FACEBK *KSFQ2 4XXXXX*5191 01 FEB XXXXXXXXXXXXXXXXXXX9060 Facebook","Account Payment","Facebook 23.00 FACEBK *KSFQ2 4XXXXX*5191 01 FEB XXXXXXXXXXXXXXXXXXX9060 Facebook","439.83",,"5347890.08"
,"04/02/2025","8400/000 : FNB","441.60 SQSP* INV167 4XX*5191 02 FEB XX6561 441.60 SQSP* INV167 4XXXXX*5191 02 FEB XXXXXXXXXXXXXXXXXX","Account Payment","441.60 SQSP* INV167 4XX*5191 02 FEB XX6561 441.60 SQSP* INV167 4XXXXX*5191 02 FEB XXXXXXXXXXXXXXXXX","441.6",,"5348331.68"
,"04/02/2025","8400/000 : FNB","Google Store 39.82 Google GSUITE 4XXXXX*5191 01 FEB XXXXXXXXXXXXXXXXXXX6088 Google Store","Account Payment","Google Store 39.82 Google GSUITE 4XXXXX*5191 01 FEB XXXXXXXXXXXXXXXXXXX6088 Google Store","789.23",,"5349120.91"
,"04/02/2025","8400/000 : FNB","134.00 SINCH MAILGU 4XX*5191 01 FEB XX2824 134.00 SINCH MAILGU 4XXXXX*5191 01 FEB XXXXXXXXXXXXXXXXXX","Account Payment","134.00 SINCH MAILGU 4XX*5191 01 FEB XX2824 134.00 SINCH MAILGU 4XXXXX*5191 01 FEB XXXXXXXXXXXXXXXXX","2562.53",,"5351683.44"
,"04/02/2025","8400/000 : FNB","Google 389.02 GOOGLE*GSUIT 4XXXXX*5225 01 FEB XXXXXXXXXXXXXXXXXXX9826 Google","Account Payment","Google 389.02 GOOGLE*GSUIT 4XXXXX*5225 01 FEB XXXXXXXXXXXXXXXXXXX9826 Google","7710.27",,"5359393.71"
,"04/02/2025","8400/000 : FNB","450.00 WAPPALYZER 4XX*5191 02 FEB XX0849 450.00 WAPPALYZER 4XXXXX*5191 02 FEB XXXXXXXXXXXXXXXXXXX084","Account Payment","450.00 WAPPALYZER 4XX*5191 02 FEB XX0849 450.00 WAPPALYZER 4XXXXX*5191 02 FEB XXXXXXXXXXXXXXXXXXX08","8605.52",,"5367999.23"
,"05/02/2025","8400/000 : FNB","920.00 AUTH0.COM 4XX*5191 03 FEB XX9370 920.00 AUTH0.COM 4XXXXX*5191 03 FEB XXXXXXXXXXXXXXXXXXX9370","Account Payment","920.00 AUTH0.COM 4XX*5191 03 FEB XX9370 920.00 AUTH0.COM 4XXXXX*5191 03 FEB XXXXXXXXXXXXXXXXXXX9370","17593.49",,"5385592.72"
,"05/02/2025","8400/000 : FNB","Stable 249.00 STABLE 4XXXXX*5191 04 FEB XXXXXXXXXXXXXXXXXXX1948 Stable","Account Payment","Stable 249.00 STABLE 4XXXXX*5191 04 FEB XXXXXXXXXXXXXXXXXXX1948 Stable","4842.07",,"5390434.79"
,"05/02/2025","8400/000 : FNB","179.00 MOZSEO:HELP@ 4XX*5191 03 FEB XX5465 179.00 MOZSEO:HELP@ 4XXXXX*5191 03 FEB XXXXXXXXXXXXXXXXXX","Account Payment","179.00 MOZSEO:HELP@ 4XX*5191 03 FEB XX5465 179.00 MOZSEO:HELP@ 4XXXXX*5191 03 FEB XXXXXXXXXXXXXXXXX","3423.08",,"5393857.87"
,"05/02/2025","8400/000 : FNB","99.00 DMNS.APP BUSI 4XX*5191 04 FEB XX5625 99.00 DMNS.APP BUSI 4XXXXX*5191 04 FEB XXXXXXXXXXXXXXXXXX","Account Payment","99.00 DMNS.APP BUSI 4XX*5191 04 FEB XX5625 99.00 DMNS.APP BUSI 4XXXXX*5191 04 FEB XXXXXXXXXXXXXXXXX","1925.16",,"5395783.03"
,"05/02/2025","8400/000 : FNB","60.00 INSOMNIA TEAM 4XX*5191 03 FEB XX7586 60.00 INSOMNIA TEAM 4XXXXX*5191 03 FEB XXXXXXXXXXXXXXXXXX","Account Payment","60.00 INSOMNIA TEAM 4XX*5191 03 FEB XX7586 60.00 INSOMNIA TEAM 4XXXXX*5191 03 FEB XXXXXXXXXXXXXXXXX","1166.77",,"5396949.8"
,"05/02/2025","8400/000 : FNB","56.06 PADDLE.NET* W 4XX*5191 04 FEB XX2691 56.06 PADDLE.NET* W 4XXXXX*5191 04 FEB XXXXXXXXXXXXXXXXXX","Account Payment","56.06 PADDLE.NET* W 4XX*5191 04 FEB XX2691 56.06 PADDLE.NET* W 4XXXXX*5191 04 FEB XXXXXXXXXXXXXXXXX","1090.15",,"5398039.95"
,"06/02/2025","8400/000 : FNB","4.21 OPENAI 4XX*5191 05 FEB XX7953 4.21 OPENAI 4XXXXX*5191 05 FEB XXXXXXXXXXXXXXXXXXX7953","Account Payment","4.21 OPENAI 4XX*5191 05 FEB XX7953 4.21 OPENAI 4XXXXX*5191 05 FEB XXXXXXXXXXXXXXXXXXX7953","80.96",,"5398120.91"
,"06/02/2025","8400/000 : FNB","19.00 CHATBASE 4XX*5191 05 FEB XX4249 19.00 CHATBASE 4XXXXX*5191 05 FEB XXXXXXXXXXXXXXXXXXX4249","Account Payment","19.00 CHATBASE 4XX*5191 05 FEB XX4249 19.00 CHATBASE 4XXXXX*5191 05 FEB XXXXXXXXXXXXXXXXXXX4249","365.38",,"5398486.29"
,"06/02/2025","8400/000 : FNB","Github Inc. 19.00 GITHUB, INC. 4XXXXX*5225 04 FEB XXXXXXXXXXXXXXXXXXX9617 Github Inc.","Account Payment","Github Inc. 19.00 GITHUB, INC. 4XXXXX*5225 04 FEB XXXXXXXXXXXXXXXXXXX9617 Github Inc.","369.47",,"5398855.76"
,"06/02/2025","8400/000 : FNB","Github Inc. 31.67 GITHUB, INC. 4XXXXX*5225 04 FEB XXXXXXXXXXXXXXXXXXX8730 Github Inc.","Account Payment","Github Inc. 31.67 GITHUB, INC. 4XXXXX*5225 04 FEB XXXXXXXXXXXXXXXXXXX8730 Github Inc.","615.86",,"5399471.62"
,"06/02/2025","8400/000 : FNB","Google Play 999.99 Google Malwa 4XXXXX*5191 03 FEB XXXXXXXXXXXXXXXXXXX8098 Google Play","Account Payment","Google Play 999.99 Google Malwa 4XXXXX*5191 03 FEB XXXXXXXXXXXXXXXXXXX8098 Google Play","999.99",,"5400471.61"
,"06/02/2025","8400/000 : FNB","99.99 JINA.AI 4XX*5191 04 FEB XX0192 99.99 JINA.AI 4XXXXX*5191 04 FEB XXXXXXXXXXXXXXXXXXX0192","Account Payment","99.99 JINA.AI 4XX*5191 04 FEB XX0192 99.99 JINA.AI 4XXXXX*5191 04 FEB XXXXXXXXXXXXXXXXXXX0192","1944.42",,"5402416.03"
,"06/02/2025","8400/000 : FNB","ManageWP 120.75 MANAGEWP 4XXXXX*5225 05 FEB XXXXXXXXXXXXXXXXXXX1207 ManageWP","Account Payment","ManageWP 120.75 MANAGEWP 4XXXXX*5225 05 FEB XXXXXXXXXXXXXXXXXXX1207 ManageWP","2322.11",,"5404738.14"
,"06/02/2025","8400/000 : FNB","ManageWP 120.75 MANAGEWP 4XXXXX*5225 05 FEB XXXXXXXXXXXXXXXXXXX2895 ManageWP","Account Payment","ManageWP 120.75 MANAGEWP 4XXXXX*5225 05 FEB XXXXXXXXXXXXXXXXXXX2895 ManageWP","2322.11",,"5407060.25"
,"06/02/2025","8400/000 : FNB","599.00 TRIPLE WHALE 4XX*5191 04 FEB XX8548 599.00 TRIPLE WHALE 4XXXXX*5191 04 FEB XXXXXXXXXXXXXXXXXX","Account Payment","599.00 TRIPLE WHALE 4XX*5191 04 FEB XX8548 599.00 TRIPLE WHALE 4XXXXX*5191 04 FEB XXXXXXXXXXXXXXXXX","11648.21",,"5418708.46"
,"06/02/2025","8400/000 : FNB","1499.00 APPDIRECT 4XX*5225 04 FEB XX4906 1499.00 APPDIRECT 4XXXXX*5225 04 FEB XXXXXXXXXXXXXXXXXXX490","Account Payment","1499.00 APPDIRECT 4XX*5225 04 FEB XX4906 1499.00 APPDIRECT 4XXXXX*5225 04 FEB XXXXXXXXXXXXXXXXXXX49","29149.69",,"5447858.15"
,"06/02/2025","8400/000 : FNB","Shopify 2566.98 SHOPIFY* 32 4XXXXX*5191 04 FEB XXXXXXXXXXXXXXXXXXX4504 Shopify","Account Payment","Shopify 2566.98 SHOPIFY* 32 4XXXXX*5191 04 FEB XXXXXXXXXXXXXXXXXXX4504 Shopify","49917.73",,"5497775.88"
,"07/02/2025","8400/000 : FNB","99.00 CHATBASE 4XX*5191 05 FEB XX2980 99.00 CHATBASE 4XXXXX*5191 05 FEB XXXXXXXXXXXXXXXXXXX2980","Account Payment","99.00 CHATBASE 4XX*5191 05 FEB XX2980 99.00 CHATBASE 4XXXXX*5191 05 FEB XXXXXXXXXXXXXXXXXXX2980","1903.85",,"5499679.73"
,"07/02/2025","8400/000 : FNB","Paddle 187.94 PADDLE.NET* 4XXXXX*5191 05 FEB XXXXXXXXXXXXXXXXXXX2578 Paddle","Account Payment","Paddle 187.94 PADDLE.NET* 4XXXXX*5191 05 FEB XXXXXXXXXXXXXXXXXXX2578 Paddle","187.94",,"5499867.67"
,"08/02/2025","8400/000 : FNB","3.60 GETADDRESS.IO 4XX*5225 07 FEB XX6649 3.60 GETADDRESS.IO 4XXXXX*5225 07 FEB XXXXXXXXXXXXXXXXXXX6","Account Payment","3.60 GETADDRESS.IO 4XX*5225 07 FEB XX6649 3.60 GETADDRESS.IO 4XXXXX*5225 07 FEB XXXXXXXXXXXXXXXXXXX","85.83",,"5499953.5"
,"08/02/2025","8400/000 : FNB","20.00 VERCEL INC. 4XX*5225 07 FEB XX2098 20.00 VERCEL INC. 4XXXXX*5225 07 FEB XXXXXXXXXXXXXXXXXXX209","Account Payment","20.00 VERCEL INC. 4XX*5225 07 FEB XX2098 20.00 VERCEL INC. 4XXXXX*5225 07 FEB XXXXXXXXXXXXXXXXXXX20","381.43",,"5500334.93"
,"08/02/2025","8400/000 : FNB","Woocommerce 19.99 WOOCOMMERCE S 4XXXXX*5225 06 FEB XXXXXXXXXXXXXXXXXXX8954 Woocommerce","Account Payment","Woocommerce 19.99 WOOCOMMERCE S 4XXXXX*5225 06 FEB XXXXXXXXXXXXXXXXXXX8954 Woocommerce","381.85",,"5500716.78"
,"08/02/2025","8400/000 : FNB","41.00 VERCEL INC. 4XX*5225 07 FEB XX9184 41.00 VERCEL INC. 4XXXXX*5225 07 FEB XXXXXXXXXXXXXXXXXXX918","Account Payment","41.00 VERCEL INC. 4XX*5225 07 FEB XX9184 41.00 VERCEL INC. 4XXXXX*5225 07 FEB XXXXXXXXXXXXXXXXXXX91","781.93",,"5501498.71"
,"10/02/2025","8400/000 : FNB","105.00 NOTION LABS, 4XX*5225 07 FEB XX8447 105.00 NOTION LABS, 4XXXXX*5225 07 FEB XXXXXXXXXXXXXXXXXX","Account Payment","105.00 NOTION LABS, 4XX*5225 07 FEB XX8447 105.00 NOTION LABS, 4XXXXX*5225 07 FEB XXXXXXXXXXXXXXXXX","2002.53",,"5503501.24"
,"10/02/2025","8400/000 : FNB","Intuit 570.40 INTUIT *QBoo 4XXXXX*5225 07 FEB XXXXXXXXXXXXXXXXXXX3631 Intuit","Account Payment","Intuit 570.40 INTUIT *QBoo 4XXXXX*5225 07 FEB XXXXXXXXXXXXXXXXXXX3631 Intuit","570.4",,"5504071.64"
,"11/02/2025","8400/000 : FNB","Intuit 570.40 INTUIT *QBoo 4XXXXX*5225 09 FEB XXXXXXXXXXXXXXXXXXX1419 Intuit","Account Payment","Intuit 570.40 INTUIT *QBoo 4XXXXX*5225 09 FEB XXXXXXXXXXXXXXXXXXX1419 Intuit","570.4",,"5504642.04"
,"11/02/2025","8400/000 : FNB","25.00 NOTION LABS, 4XX*5225 08 FEB XX1773 25.00 NOTION LABS, 4XXXXX*5225 08 FEB XXXXXXXXXXXXXXXXXXX1","Account Payment","25.00 NOTION LABS, 4XX*5225 08 FEB XX1773 25.00 NOTION LABS, 4XXXXX*5225 08 FEB XXXXXXXXXXXXXXXXXXX","472.46",,"5505114.5"
,"11/02/2025","8400/000 : FNB","499.00 CASSIDYAI.CO 4XX*5225 09 FEB XX5990 499.00 CASSIDYAI.CO 4XXXXX*5225 09 FEB XXXXXXXXXXXXXXXXXX","Account Payment","499.00 CASSIDYAI.CO 4XX*5225 09 FEB XX5990 499.00 CASSIDYAI.CO 4XXXXX*5225 09 FEB XXXXXXXXXXXXXXXXX","9430.38",,"5514544.88"
,"11/02/2025","8400/000 : FNB","Shopify 74.75 SHOPIFY* 3283 4XXXXX*5225 09 FEB XXXXXXXXXXXXXXXXXXX7184 Shopify","Account Payment","Shopify 74.75 SHOPIFY* 3283 4XXXXX*5225 09 FEB XXXXXXXXXXXXXXXXXXX7184 Shopify","1412.67",,"5515957.55"
,"12/02/2025","8400/000 : FNB","Shopify 3633.95 SHOPIFY* 32 4XXXXX*5225 10 FEB XXXXXXXXXXXXXXXXXXX4625 Shopify","Account Payment","Shopify 3633.95 SHOPIFY* 32 4XXXXX*5225 10 FEB XXXXXXXXXXXXXXXXXXX4625 Shopify","68676.38",,"5584633.93"
,"13/02/2025","8400/000 : FNB","Github Inc. 210.00 GITHUB, INC. 4XXXXX*5225 11 FEB XXXXXXXXXXXXXXXXXXX1808 Github Inc.","Account Payment","Github Inc. 210.00 GITHUB, INC. 4XXXXX*5225 11 FEB XXXXXXXXXXXXXXXXXXX1808 Github Inc.","3999.95",,"5588633.88"
,"13/02/2025","8400/000 : FNB","Intuit 570.40 INTUIT *QBoo 4XXXXX*5225 11 FEB XXXXXXXXXXXXXXXXXXX5353 Intuit","Account Payment","Intuit 570.40 INTUIT *QBoo 4XXXXX*5225 11 FEB XXXXXXXXXXXXXXXXXXX5353 Intuit","570.4",,"5589204.28"
,"13/02/2025","8400/000 : FNB","Intuit 570.40 INTUIT *QBoo 4XXXXX*5225 11 FEB XXXXXXXXXXXXXXXXXXX5312 Intuit","Account Payment","Intuit 570.40 INTUIT *QBoo 4XXXXX*5225 11 FEB XXXXXXXXXXXXXXXXXXX5312 Intuit","570.4",,"5589774.68"
,"15/02/2025","8400/000 : FNB","5.00 WWW.FLUX.AI 4XX*5225 13 FEB XX4422 5.00 WWW.FLUX.AI 4XXXXX*5225 13 FEB XXXXXXXXXXXXXXXXXXX4422","Account Payment","5.00 WWW.FLUX.AI 4XX*5225 13 FEB XX4422 5.00 WWW.FLUX.AI 4XXXXX*5225 13 FEB XXXXXXXXXXXXXXXXXXX4422","94.77",,"5589869.45"
,"15/02/2025","8400/000 : FNB","180.00 AGENCYANALYT 4XX*5225 13 FEB XX6321 180.00 AGENCYANALYT 4XXXXX*5225 13 FEB XXXXXXXXXXXXXXXXXX","Account Payment","180.00 AGENCYANALYT 4XX*5225 13 FEB XX6321 180.00 AGENCYANALYT 4XXXXX*5225 13 FEB XXXXXXXXXXXXXXXXX","3411.56",,"5593281.01"
,"17/02/2025","8400/000 : FNB","Payment to Linkedin X1999.88 LinkedIn S 4XXXXX*5191 15 FEB XXXXXXXXXXXXXXXXXXX0094 Linkedin","Account Payment","Payment to Linkedin X1999.88 LinkedIn S 4XXXXX*5191 15 FEB XXXXXXXXXXXXXXXXXXX0094 Linkedin","11999.88",,"5605280.89"
,"17/02/2025","8400/000 : FNB","280.00 WIZA.CO 4XX*5191 14 FEB XX4281 280.00 WIZA.CO 4XXXXX*5191 14 FEB XXXXXXXXXXXXXXXXXXX4281","Account Payment","280.00 WIZA.CO 4XX*5191 14 FEB XX4281 280.00 WIZA.CO 4XXXXX*5191 14 FEB XXXXXXXXXXXXXXXXXXX4281","5328.12",,"5610609.01"
,"17/02/2025","8400/000 : FNB","174.00 INTERCOM R&D 4XX*5191 15 FEB XX4977 174.00 INTERCOM R&D 4XXXXX*5191 15 FEB XXXXXXXXXXXXXXXXXX","Account Payment","174.00 INTERCOM R&D 4XX*5191 15 FEB XX4977 174.00 INTERCOM R&D 4XXXXX*5191 15 FEB XXXXXXXXXXXXXXXXX","3296.77",,"5613905.78"
,"17/02/2025","8400/000 : FNB","172.50 OPENAI *CHAT 4XX*5191 14 FEB XX4333 172.50 OPENAI *CHAT 4XXXXX*5191 14 FEB XXXXXXXXXXXXXXXXXX","Account Payment","172.50 OPENAI *CHAT 4XX*5191 14 FEB XX4333 172.50 OPENAI *CHAT 4XXXXX*5191 14 FEB XXXXXXXXXXXXXXXXX","3282.5",,"5617188.28"
,"17/02/2025","8400/000 : FNB","49.00 SKRAPP.IO STA 4XX*5191 14 FEB XX7410 49.00 SKRAPP.IO STA 4XXXXX*5191 14 FEB XXXXXXXXXXXXXXXXXX","Account Payment","49.00 SKRAPP.IO STA 4XX*5191 14 FEB XX7410 49.00 SKRAPP.IO STA 4XXXXX*5191 14 FEB XXXXXXXXXXXXXXXXX","932.42",,"5618120.7"
,"17/02/2025","8400/000 : FNB","43.84 RAILWAY 4XX*5191 14 FEB XX1011 43.84 RAILWAY 4XXXXX*5191 14 FEB XXXXXXXXXXXXXXXXXXX1011","Account Payment","43.84 RAILWAY 4XX*5191 14 FEB XX1011 43.84 RAILWAY 4XXXXX*5191 14 FEB XXXXXXXXXXXXXXXXXXX1011","834.23",,"5618954.93"
,"17/02/2025","8400/000 : FNB","40.00 REPLIT, INC. 4XX*5191 14 FEB XX9270 40.00 REPLIT, INC. 4XXXXX*5191 14 FEB XXXXXXXXXXXXXXXXXXX9","Account Payment","40.00 REPLIT, INC. 4XX*5191 14 FEB XX9270 40.00 REPLIT, INC. 4XXXXX*5191 14 FEB XXXXXXXXXXXXXXXXXXX","761.16",,"5619716.09"
,"17/02/2025","8400/000 : FNB","Intuit 570.40 INTUIT *QBoo 4XXXXX*5225 14 FEB XXXXXXXXXXXXXXXXXXX5038 Intuit","Account Payment","Intuit 570.40 INTUIT *QBoo 4XXXXX*5225 14 FEB XXXXXXXXXXXXXXXXXXX5038 Intuit","570.4",,"5620286.49"
,"17/02/2025","8400/000 : FNB","28.85 RAILWAY 4XX*5191 14 FEB XX0200 28.85 RAILWAY 4XXXXX*5191 14 FEB XXXXXXXXXXXXXXXXXXX0200","Account Payment","28.85 RAILWAY 4XX*5191 14 FEB XX0200 28.85 RAILWAY 4XXXXX*5191 14 FEB XXXXXXXXXXXXXXXXXXX0200","548.98",,"5620835.47"
,"17/02/2025","8400/000 : FNB","21.56 SLACK T0740DV 4XX*5191 14 FEB XX5891 21.56 SLACK T0740DV 4XXXXX*5191 14 FEB XXXXXXXXXXXXXXXXXX","Account Payment","21.56 SLACK T0740DV 4XX*5191 14 FEB XX5891 21.56 SLACK T0740DV 4XXXXX*5191 14 FEB XXXXXXXXXXXXXXXXX","410.26",,"5621245.73"
,"17/02/2025","8400/000 : FNB","20.00 VERCEL INC. 4XX*5191 14 FEB XX1606 20.00 VERCEL INC. 4XXXXX*5191 14 FEB XXXXXXXXXXXXXXXXXXX160","Account Payment","20.00 VERCEL INC. 4XX*5191 14 FEB XX1606 20.00 VERCEL INC. 4XXXXX*5191 14 FEB XXXXXXXXXXXXXXXXXXX16","380.58",,"5621626.31"
,"17/02/2025","8400/000 : FNB","Github Inc. 14.00 GITHUB, INC. 4XXXXX*5225 14 FEB XXXXXXXXXXXXXXXXXXX6548 Github Inc.","Account Payment","Github Inc. 14.00 GITHUB, INC. 4XXXXX*5225 14 FEB XXXXXXXXXXXXXXXXXXX6548 Github Inc.","266.4",,"5621892.71"
,"17/02/2025","8400/000 : FNB","12.00 CODESANDBOX 4XX*5191 14 FEB XX4819 12.00 CODESANDBOX 4XXXXX*5191 14 FEB XXXXXXXXXXXXXXXXXXX481","Account Payment","12.00 CODESANDBOX 4XX*5191 14 FEB XX4819 12.00 CODESANDBOX 4XXXXX*5191 14 FEB XXXXXXXXXXXXXXXXXXX48","228.35",,"5622121.06"
,"17/02/2025","8400/000 : FNB","11.49 GOOGLE *Colab 4XX*5191 14 FEB XX8761 11.49 GOOGLE *Colab 4XXXXX*5191 14 FEB XXXXXXXXXXXXXXXXXX","Account Payment","11.49 GOOGLE *Colab 4XX*5191 14 FEB XX8761 11.49 GOOGLE *Colab 4XXXXX*5191 14 FEB XXXXXXXXXXXXXXXXX","218.65",,"5622339.71"
,"17/02/2025","8400/000 : FNB","Google Store 34.99 Google One 4XXXXX*5191 14 FEB XXXXXXXXXXXXXXXXXXX9069 Google Store","Account Payment","Google Store 34.99 Google One 4XXXXX*5191 14 FEB XXXXXXXXXXXXXXXXXXX9069 Google Store","34.99",,"5622374.7"
,"18/02/2025","8400/000 : FNB","780.00 ACQUIRE.COM 4XX*5191 16 FEB XX9459 780.00 ACQUIRE.COM 4XXXXX*5191 16 FEB XXXXXXXXXXXXXXXXXXX9","Account Payment","780.00 ACQUIRE.COM 4XX*5191 16 FEB XX9459 780.00 ACQUIRE.COM 4XXXXX*5191 16 FEB XXXXXXXXXXXXXXXXXXX","14778.66",,"5637153.36"
,"18/02/2025","8400/000 : FNB","376.40 HOLASPIRIT 4XX*5225 15 FEB XX4995 376.40 HOLASPIRIT 4XXXXX*5225 15 FEB XXXXXXXXXXXXXXXXXXX499","Account Payment","376.40 HOLASPIRIT 4XX*5225 15 FEB XX4995 376.40 HOLASPIRIT 4XXXXX*5225 15 FEB XXXXXXXXXXXXXXXXXXX49","7450.52",,"5644603.88"
,"18/02/2025","8400/000 : FNB","231.95 HOLASPIRIT 4XX*5225 15 FEB XX8871 231.95 HOLASPIRIT 4XXXXX*5225 15 FEB XXXXXXXXXXXXXXXXXXX887","Account Payment","231.95 HOLASPIRIT 4XX*5225 15 FEB XX8871 231.95 HOLASPIRIT 4XXXXX*5225 15 FEB XXXXXXXXXXXXXXXXXXX88","4591.25",,"5649195.13"
,"18/02/2025","8400/000 : FNB","223.70 SLACK T0MN3D 4XX*5225 15 FEB XX7568 223.70 SLACK T0MN3D 4XXXXX*5225 15 FEB XXXXXXXXXXXXXXXXXX","Account Payment","223.70 SLACK T0MN3D 4XX*5225 15 FEB XX7568 223.70 SLACK T0MN3D 4XXXXX*5225 15 FEB XXXXXXXXXXXXXXXXX","4238.45",,"5653433.58"
,"18/02/2025","8400/000 : FNB","Paddle 171.35 PADDLE.NET* 4XXXXX*5191 15 FEB XXXXXXXXXXXXXXXXXXX8182 Paddle","Account Payment","Paddle 171.35 PADDLE.NET* 4XXXXX*5191 15 FEB XXXXXXXXXXXXXXXXXXX8182 Paddle","3246.57",,"5656680.15"
,"18/02/2025","8400/000 : FNB","150.00 AUTH0.COM 4XX*5191 16 FEB XX6241 150.00 AUTH0.COM 4XXXXX*5191 16 FEB XXXXXXXXXXXXXXXXXXX6241","Account Payment","150.00 AUTH0.COM 4XX*5191 16 FEB XX6241 150.00 AUTH0.COM 4XXXXX*5191 16 FEB XXXXXXXXXXXXXXXXXXX6241","2842.05",,"5659522.2"
,"18/02/2025","8400/000 : FNB","Github Inc. 91.00 GITHUB, INC. 4XXXXX*5191 15 FEB XXXXXXXXXXXXXXXXXXX0751 Github Inc.","Account Payment","Github Inc. 91.00 GITHUB, INC. 4XXXXX*5191 15 FEB XXXXXXXXXXXXXXXXXXX0751 Github Inc.","1724.18",,"5661246.38"
,"18/02/2025","8400/000 : FNB","72.00 TERMIUS CORPO 4XX*5191 15 FEB XX4371 72.00 TERMIUS CORPO 4XXXXX*5191 15 FEB XXXXXXXXXXXXXXXXXX","Account Payment","72.00 TERMIUS CORPO 4XX*5191 15 FEB XX4371 72.00 TERMIUS CORPO 4XXXXX*5191 15 FEB XXXXXXXXXXXXXXXXX","1364.18",,"5662610.56"
,"18/02/2025","8400/000 : FNB","70.00 NOTION LABS, 4XX*5191 16 FEB XX6358 70.00 NOTION LABS, 4XXXXX*5191 16 FEB XXXXXXXXXXXXXXXXXXX6","Account Payment","70.00 NOTION LABS, 4XX*5191 16 FEB XX6358 70.00 NOTION LABS, 4XXXXX*5191 16 FEB XXXXXXXXXXXXXXXXXXX","1326.29",,"5663936.85"
,"18/02/2025","8400/000 : FNB","69.00 OPENAI *CHATG 4XX*5191 16 FEB XX3058 69.00 OPENAI *CHATG 4XXXXX*5191 16 FEB XXXXXXXXXXXXXXXXXX","Account Payment","69.00 OPENAI *CHATG 4XX*5191 16 FEB XX3058 69.00 OPENAI *CHATG 4XXXXX*5191 16 FEB XXXXXXXXXXXXXXXXX","1307.34",,"5665244.19"
,"18/02/2025","8400/000 : FNB","Facebook 1265.00 FACEBK* 4XXXXX*5191 16 FEB XXXXXXXXXXXXXXXXXXX3075 Facebook","Account Payment","Facebook 1265.00 FACEBK* 4XXXXX*5191 16 FEB XXXXXXXXXXXXXXXXXXX3075 Facebook","1265",,"5666509.19"
,"18/02/2025","8400/000 : FNB","40.00 REPLIT, INC. 4XX*5191 15 FEB XX2123 40.00 REPLIT, INC. 4XXXXX*5191 15 FEB XXXXXXXXXXXXXXXXXXX2","Account Payment","40.00 REPLIT, INC. 4XX*5191 15 FEB XX2123 40.00 REPLIT, INC. 4XXXXX*5191 15 FEB XXXXXXXXXXXXXXXXXXX","757.88",,"5667267.07"
,"18/02/2025","8400/000 : FNB","32.00 BUBBLE STARTE 4XX*5191 16 FEB XX3894 32.00 BUBBLE STARTE 4XXXXX*5191 16 FEB XXXXXXXXXXXXXXXXXX","Account Payment","32.00 BUBBLE STARTE 4XX*5191 16 FEB XX3894 32.00 BUBBLE STARTE 4XXXXX*5191 16 FEB XXXXXXXXXXXXXXXXX","606.31",,"5667873.38"
,"18/02/2025","8400/000 : FNB","30.00 ISHRAQ LLC 4XX*5191 14 FEB XX9708 30.00 ISHRAQ LLC 4XXXXX*5191 14 FEB XXXXXXXXXXXXXXXXXXX9708","Account Payment","30.00 ISHRAQ LLC 4XX*5191 14 FEB XX9708 30.00 ISHRAQ LLC 4XXXXX*5191 14 FEB XXXXXXXXXXXXXXXXXXX9708","568.41",,"5668441.79"
,"18/02/2025","8400/000 : FNB","25.00 BEECEPTOR 4XX*5191 16 FEB XX3904 25.00 BEECEPTOR 4XXXXX*5191 16 FEB XXXXXXXXXXXXXXXXXXX3904","Account Payment","25.00 BEECEPTOR 4XX*5191 16 FEB XX3904 25.00 BEECEPTOR 4XXXXX*5191 16 FEB XXXXXXXXXXXXXXXXXXX3904","473.68",,"5668915.47"
,"18/02/2025","8400/000 : FNB","25.00 BEECEPTOR 4XX*5191 16 FEB XX3672 25.00 BEECEPTOR 4XXXXX*5191 16 FEB XXXXXXXXXXXXXXXXXXX3672","Account Payment","25.00 BEECEPTOR 4XX*5191 16 FEB XX3672 25.00 BEECEPTOR 4XXXXX*5191 16 FEB XXXXXXXXXXXXXXXXXXX3672","473.68",,"5669389.15"
,"18/02/2025","8400/000 : FNB","20.00 VERCEL INC. 4XX*5191 16 FEB XX2514 20.00 VERCEL INC. 4XXXXX*5191 16 FEB XXXXXXXXXXXXXXXXXXX251","Account Payment","20.00 VERCEL INC. 4XX*5191 16 FEB XX2514 20.00 VERCEL INC. 4XXXXX*5191 16 FEB XXXXXXXXXXXXXXXXXXX25","378.94",,"5669768.09"
,"18/02/2025","8400/000 : FNB","20.00 HUGGINGFACE 4XX*5191 15 FEB XX1548 20.00 HUGGINGFACE 4XXXXX*5191 15 FEB XXXXXXXXXXXXXXXXXXX154","Account Payment","20.00 HUGGINGFACE 4XX*5191 15 FEB XX1548 20.00 HUGGINGFACE 4XXXXX*5191 15 FEB XXXXXXXXXXXXXXXXXXX15","378.94",,"5670147.03"
,"18/02/2025","8400/000 : FNB","350.00 FRAMER.COM 4XX*5191 16 FEB XX6518 350.00 FRAMER.COM 4XXXXX*5191 16 FEB XXXXXXXXXXXXXXXXXXX651","Account Payment","350.00 FRAMER.COM 4XX*5191 16 FEB XX6518 350.00 FRAMER.COM 4XXXXX*5191 16 FEB XXXXXXXXXXXXXXXXXXX65","350",,"5670497.03"
,"18/02/2025","8400/000 : FNB","9.00 TWENTY.COM 4XX*5191 16 FEB XX6359 9.00 TWENTY.COM 4XXXXX*5191 16 FEB XXXXXXXXXXXXXXXXXXX6359","Account Payment","9.00 TWENTY.COM 4XX*5191 16 FEB XX6359 9.00 TWENTY.COM 4XXXXX*5191 16 FEB XXXXXXXXXXXXXXXXXXX6359","170.52",,"5670667.55"
,"18/02/2025","8400/000 : FNB","7.00 NPM, INC. 4XX*5191 16 FEB XX7722 7.00 NPM, INC. 4XXXXX*5191 16 FEB XXXXXXXXXXXXXXXXXXX7722","Account Payment","7.00 NPM, INC. 4XX*5191 16 FEB XX7722 7.00 NPM, INC. 4XXXXX*5191 16 FEB XXXXXXXXXXXXXXXXXXX7722","132.63",,"5670800.18"
,"18/02/2025","8400/000 : FNB","7.00 NPM, INC. 4XX*5191 16 FEB XX2340 7.00 NPM, INC. 4XXXXX*5191 16 FEB XXXXXXXXXXXXXXXXXXX2340","Account Payment","7.00 NPM, INC. 4XX*5191 16 FEB XX2340 7.00 NPM, INC. 4XXXXX*5191 16 FEB XXXXXXXXXXXXXXXXXXX2340","132.63",,"5670932.81"
,"18/02/2025","8400/000 : FNB","7.00 CHATBASE 4XX*5191 17 FEB XX0705 7.00 CHATBASE 4XXXXX*5191 17 FEB XXXXXXXXXXXXXXXXXXX0705","Account Payment","7.00 CHATBASE 4XX*5191 17 FEB XX0705 7.00 CHATBASE 4XXXXX*5191 17 FEB XXXXXXXXXXXXXXXXXXX0705","132.63",,"5671065.44"
,"18/02/2025","8400/000 : FNB","7.00 NPM, INC. 4XX*5191 16 FEB XX9392 7.00 NPM, INC. 4XXXXX*5191 16 FEB XXXXXXXXXXXXXXXXXXX9392","Account Payment","7.00 NPM, INC. 4XX*5191 16 FEB XX9392 7.00 NPM, INC. 4XXXXX*5191 16 FEB XXXXXXXXXXXXXXXXXXX9392","132.63",,"5671198.07"
,"18/02/2025","8400/000 : FNB","7.00 NPM, INC. 4XX*5191 16 FEB XX7784 7.00 NPM, INC. 4XXXXX*5191 16 FEB XXXXXXXXXXXXXXXXXXX7784","Account Payment","7.00 NPM, INC. 4XX*5191 16 FEB XX7784 7.00 NPM, INC. 4XXXXX*5191 16 FEB XXXXXXXXXXXXXXXXXXX7784","132.63",,"5671330.7"
,"19/02/2025","8400/000 : FNB","Hightail 15.00 HIGHTAIL 4XXXXX*5191 18 FEB XXXXXXXXXXXXXXXXXXX1779 Hightail","Account Payment","Hightail 15.00 HIGHTAIL 4XXXXX*5191 18 FEB XXXXXXXXXXXXXXXXXXX1779 Hightail","282.64",,"5671613.34"
,"19/02/2025","8400/000 : FNB","15.00 TABNINE 4XX*5191 17 FEB XX2006 15.00 TABNINE 4XXXXX*5191 17 FEB XXXXXXXXXXXXXXXXXXX2006","Account Payment","15.00 TABNINE 4XX*5191 17 FEB XX2006 15.00 TABNINE 4XXXXX*5191 17 FEB XXXXXXXXXXXXXXXXXXX2006","284.2",,"5671897.54"
,"19/02/2025","8400/000 : FNB","99.00 PLAYFAB, INC. 4XX*5191 17 FEB XX5592 99.00 PLAYFAB, INC. 4XXXXX*5191 17 FEB XXXXXXXXXXXXXXXXXX","Account Payment","99.00 PLAYFAB, INC. 4XX*5191 17 FEB XX5592 99.00 PLAYFAB, INC. 4XXXXX*5191 17 FEB XXXXXXXXXXXXXXXXX","1875.75",,"5673773.29"
,"20/02/2025","8400/000 : FNB","99.00 DYNAMIC.XYZ 4XX*5191 19 FEB XX7688 99.00 DYNAMIC.XYZ 4XXXXX*5191 19 FEB XXXXXXXXXXXXXXXXXXX768","Account Payment","99.00 DYNAMIC.XYZ 4XX*5191 19 FEB XX7688 99.00 DYNAMIC.XYZ 4XXXXX*5191 19 FEB XXXXXXXXXXXXXXXXXXX76","1868.02",,"5675641.31"
,"20/02/2025","8400/000 : FNB","Github Inc. 70.65 GITHUB, INC. 4XXXXX*5191 18 FEB XXXXXXXXXXXXXXXXXXX0538 Github Inc.","Account Payment","Github Inc. 70.65 GITHUB, INC. 4XXXXX*5191 18 FEB XXXXXXXXXXXXXXXXXXX0538 Github Inc.","1331.23",,"5676972.54"
,"20/02/2025","8400/000 : FNB","Github Inc. 42.00 GITHUB, INC. 4XXXXX*5191 18 FEB XXXXXXXXXXXXXXXXXXX8266 Github Inc.","Account Payment","Github Inc. 42.00 GITHUB, INC. 4XXXXX*5191 18 FEB XXXXXXXXXXXXXXXXXXX8266 Github Inc.","791.39",,"5677763.93"
,"21/02/2025","8400/000 : FNB","374.00 MANGOAPPS 4XX*5191 19 FEB XX2167 374.00 MANGOAPPS 4XXXXX*5191 19 FEB XXXXXXXXXXXXXXXXXXX2167","Account Payment","374.00 MANGOAPPS 4XX*5191 19 FEB XX2167 374.00 MANGOAPPS 4XXXXX*5191 19 FEB XXXXXXXXXXXXXXXXXXX2167","7056.95",,"5684820.88"
,"21/02/2025","8400/000 : FNB","59.00 GREENBACK.COM 4XX*5225 19 FEB XX0465 59.00 GREENBACK.COM 4XXXXX*5225 19 FEB XXXXXXXXXXXXXXXXXX","Account Payment","59.00 GREENBACK.COM 4XX*5225 19 FEB XX0465 59.00 GREENBACK.COM 4XXXXX*5225 19 FEB XXXXXXXXXXXXXXXXX","1113.26",,"5685934.14"
,"22/02/2025","8400/000 : FNB","115.00 OPENAI 4XX*5191 21 FEB XX5990 115.00 OPENAI 4XXXXX*5191 21 FEB XXXXXXXXXXXXXXXXXXX5990","Account Payment","115.00 OPENAI 4XX*5191 21 FEB XX5990 115.00 OPENAI 4XXXXX*5191 21 FEB XXXXXXXXXXXXXXXXXXX5990","2180.61",,"5688114.75"
,"22/02/2025","8400/000 : FNB","74.00 PIPEDREAM, IN 4XX*5191 20 FEB XX7660 74.00 PIPEDREAM, IN 4XXXXX*5191 20 FEB XXXXXXXXXXXXXXXXXX","Account Payment","74.00 PIPEDREAM, IN 4XX*5191 20 FEB XX7660 74.00 PIPEDREAM, IN 4XXXXX*5191 20 FEB XXXXXXXXXXXXXXXXX","1404.75",,"5689519.5"
,"22/02/2025","8400/000 : FNB","54.00 AIRTABLE.COM/ 4XX*5191 21 FEB XX5639 54.00 AIRTABLE.COM/ 4XXXXX*5191 21 FEB XXXXXXXXXXXXXXXXXX","Account Payment","54.00 AIRTABLE.COM/ 4XX*5191 21 FEB XX5639 54.00 AIRTABLE.COM/ 4XXXXX*5191 21 FEB XXXXXXXXXXXXXXXXX","1023.94",,"5690543.44"
,"25/02/2025","8400/000 : FNB","Google Service Charges/Fees #INT PYMT FEE-34.99 Googl Google","Account Payment","Google Service Charges/Fees INT PYMT FEE-34.99 Googl Google","0.7",,"5690544.14"
,"25/02/2025","8400/000 : FNB","299.00 ORG CHART 4XX*5191 22 FEB XX6625 299.00 ORG CHART 4XXXXX*5191 22 FEB XXXXXXXXXXXXXXXXXXX6625","Account Payment","299.00 ORG CHART 4XX*5191 22 FEB XX6625 299.00 ORG CHART 4XXXXX*5191 22 FEB XXXXXXXXXXXXXXXXXXX6625","5626.87",,"5696171.01"
,"25/02/2025","8400/000 : FNB","199.00 TINYACQUISIT 4XX*5191 23 FEB XX5789 199.00 TINYACQUISIT 4XXXXX*5191 23 FEB XXXXXXXXXXXXXXXXXX","Account Payment","199.00 TINYACQUISIT 4XX*5191 23 FEB XX5789 199.00 TINYACQUISIT 4XXXXX*5191 23 FEB XXXXXXXXXXXXXXXXX","3744.98",,"5699915.99"
,"25/02/2025","8400/000 : FNB","103.83 OPENAI 4XX*5191 23 FEB XX5450 103.83 OPENAI 4XXXXX*5191 23 FEB XXXXXXXXXXXXXXXXXXX5450","Account Payment","103.83 OPENAI 4XX*5191 23 FEB XX5450 103.83 OPENAI 4XXXXX*5191 23 FEB XXXXXXXXXXXXXXXXXXX5450","1953.97",,"5701869.96"
,"25/02/2025","8400/000 : FNB","89.00 SENTRY 4XX*5191 24 FEB XX8551 89.00 SENTRY 4XXXXX*5191 24 FEB XXXXXXXXXXXXXXXXXXX8551","Account Payment","89.00 SENTRY 4XX*5191 24 FEB XX8551 89.00 SENTRY 4XXXXX*5191 24 FEB XXXXXXXXXXXXXXXXXXX8551","1674.89",,"5703544.85"
,"25/02/2025","8400/000 : FNB","30.00 HASURA 4XX*5191 23 FEB XX5126 30.00 HASURA 4XXXXX*5191 23 FEB XXXXXXXXXXXXXXXXXXX5126","Account Payment","30.00 HASURA 4XX*5191 23 FEB XX5126 30.00 HASURA 4XXXXX*5191 23 FEB XXXXXXXXXXXXXXXXXXX5126","564.57",,"5704109.42"
,"25/02/2025","8400/000 : FNB","6.00 DOCKER, INC. 4XX*5191 24 FEB XX0151 6.00 DOCKER, INC. 4XXXXX*5191 24 FEB XXXXXXXXXXXXXXXXXXX015","Account Payment","6.00 DOCKER, INC. 4XX*5191 24 FEB XX0151 6.00 DOCKER, INC. 4XXXXX*5191 24 FEB XXXXXXXXXXXXXXXXXXX01","112.91",,"5704222.33"
,"26/02/2025","8400/000 : FNB","104.64 OPENAI 4XX*5191 24 FEB XX9793 104.64 OPENAI 4XXXXX*5191 24 FEB XXXXXXXXXXXXXXXXXXX9793","Account Payment","104.64 OPENAI 4XX*5191 24 FEB XX9793 104.64 OPENAI 4XXXXX*5191 24 FEB XXXXXXXXXXXXXXXXXXX9793","1969.44",,"5706191.77"
,"26/02/2025","8400/000 : FNB","104.52 OPENAI 4XX*5191 25 FEB XX9188 104.52 OPENAI 4XXXXX*5191 25 FEB XXXXXXXXXXXXXXXXXXX9188","Account Payment","104.52 OPENAI 4XX*5191 25 FEB XX9188 104.52 OPENAI 4XXXXX*5191 25 FEB XXXXXXXXXXXXXXXXXXX9188","1967.17",,"5708158.94"
,"26/02/2025","8400/000 : FNB","104.01 OPENAI 4XX*5191 24 FEB XX5427 104.01 OPENAI 4XXXXX*5191 24 FEB XXXXXXXXXXXXXXXXXXX5427","Account Payment","104.01 OPENAI 4XX*5191 24 FEB XX5427 104.01 OPENAI 4XXXXX*5191 24 FEB XXXXXXXXXXXXXXXXXXX5427","1957.36",,"5710116.3"
,"26/02/2025","8400/000 : FNB","18.38 DROPBOX*R4CGK 4XX*5191 24 FEB XX0671 18.38 DROPBOX*R4CGK 4XXXXX*5191 24 FEB XXXXXXXXXXXXXXXXXX","Account Payment","18.38 DROPBOX*R4CGK 4XX*5191 24 FEB XX0671 18.38 DROPBOX*R4CGK 4XXXXX*5191 24 FEB XXXXXXXXXXXXXXXXX","345.89",,"5710462.19"
,"26/02/2025","8400/000 : FNB","10.00 MATTERMOST 4XX*5191 24 FEB XX0203 10.00 MATTERMOST 4XXXXX*5191 24 FEB XXXXXXXXXXXXXXXXXXX0203","Account Payment","10.00 MATTERMOST 4XX*5191 24 FEB XX0203 10.00 MATTERMOST 4XXXXX*5191 24 FEB XXXXXXXXXXXXXXXXXXX0203","188.19",,"5710650.38"
,"27/02/2025","8400/000 : FNB","150.00 AUTH0.COM 4XX*5191 25 FEB XX3696 150.00 AUTH0.COM 4XXXXX*5191 25 FEB XXXXXXXXXXXXXXXXXXX3696","Account Payment","150.00 AUTH0.COM 4XX*5191 25 FEB XX3696 150.00 AUTH0.COM 4XXXXX*5191 25 FEB XXXXXXXXXXXXXXXXXXX3696","2827.26",,"5713477.64"
,"27/02/2025","8400/000 : FNB","103.74 OPENAI 4XX*5191 25 FEB XX5538 103.74 OPENAI 4XXXXX*5191 25 FEB XXXXXXXXXXXXXXXXXXX5538","Account Payment","103.74 OPENAI 4XX*5191 25 FEB XX5538 103.74 OPENAI 4XXXXX*5191 25 FEB XXXXXXXXXXXXXXXXXXX5538","1952.49",,"5715430.13"
,"27/02/2025","8400/000 : FNB","103.58 OPENAI 4XX*5191 25 FEB XX2987 103.58 OPENAI 4XXXXX*5191 25 FEB XXXXXXXXXXXXXXXXXXX2987","Account Payment","103.58 OPENAI 4XX*5191 25 FEB XX2987 103.58 OPENAI 4XXXXX*5191 25 FEB XXXXXXXXXXXXXXXXXXX2987","1949.49",,"5717379.62"
,"28/02/2025","8400/000 : FNB","50.00 OBSIDIAN.MD 4XX*5191 27 FEB XX8958 50.00 OBSIDIAN.MD 4XXXXX*5191 27 FEB XXXXXXXXXXXXXXXXXXX895","Account Payment","50.00 OBSIDIAN.MD 4XX*5191 27 FEB XX8958 50.00 OBSIDIAN.MD 4XXXXX*5191 27 FEB XXXXXXXXXXXXXXXXXXX89","942.14",,"5718321.76"
"3300/020 : Computer - Platforms","Closing Balance as at: 28/02/2025",,,,,"5718321.76",,
,"Movement for the period",,,,,"5718321.76",,